<collection xmlns="http://www.loc.gov/MARC21/slim">
<record>
  <leader>01320cam a22002895a 4500</leader>
  <controlfield tag="001">59668</controlfield>
  <controlfield tag="005">20200104190613.0</controlfield>
  <controlfield tag="008">940301s1990    gw a     b    001 0 ger  </controlfield>
  <datafield tag="906" ind1=" " ind2=" ">
    <subfield code="a">7</subfield>
    <subfield code="b">cbc</subfield>
    <subfield code="c">orignew</subfield>
    <subfield code="d">3</subfield>
    <subfield code="e">ncip</subfield>
    <subfield code="f">19</subfield>
    <subfield code="g">y-gencatlg</subfield>
  </datafield>
  <datafield tag="955" ind1=" " ind2=" ">
    <subfield code="a">rb07 03-01-94, rc05 08-11-94</subfield>
    <subfield code="c">ld03 2005-06-27 to vk00 for subj.</subfield>
    <subfield code="a">vl00 2005-07-11</subfield>
    <subfield code="d">vk07 2005-10-07</subfield>
    <subfield code="e">vk05 2005-12-27 to BCCD</subfield>
  </datafield>
  <datafield tag="035" ind1=" " ind2=" ">
    <subfield code="9">(DLC)   94124224</subfield>
  </datafield>
  <datafield tag="010" ind1=" " ind2=" ">
    <subfield code="a">   94124224 </subfield>
  </datafield>
  <datafield tag="040" ind1=" " ind2=" ">
    <subfield code="a">DLC</subfield>
    <subfield code="c">DLC</subfield>
  </datafield>
  <datafield tag="043" ind1=" " ind2=" ">
    <subfield code="a">e-gx---</subfield>
  </datafield>
  <datafield tag="050" ind1="0" ind2="0">
    <subfield code="a">LA 729</subfield>
    <subfield code="b">.A173 Heft 29-30</subfield>
    <subfield code="a">ML3645.S78</subfield>
  </datafield>
  <datafield tag="100" ind1="1" ind2=" ">
    <subfield code="a">Hölcke, Theodor.</subfield>
  </datafield>
  <datafield tag="245" ind1="1" ind2="0">
    <subfield code="a">Vom deutschen Studentenlied /</subfield>
    <subfield code="c">von Theodor Hölcke ; mit Beiträgen von Raimund Lang und Ulrich Becker ; herausgegeben von Jürgen Setter, Chattia Giessen und Ulrich Becker.</subfield>
  </datafield>
  <datafield tag="260" ind1=" " ind2=" ">
    <subfield code="a">Herzogenaurach :</subfield>
    <subfield code="b">Studentengeschichtliche Vereinigung des CC,</subfield>
    <subfield code="c">[1990]</subfield>
  </datafield>
  <datafield tag="300" ind1=" " ind2=" ">
    <subfield code="a">340 p. :</subfield>
    <subfield code="b">37 ill. ;</subfield>
    <subfield code="c">21 cm.</subfield>
  </datafield>
  <datafield tag="490" ind1="1" ind2=" ">
    <subfield code="a">Schriftenreihe der Studentengeschichtlichen Vereinigung des CC ;</subfield>
    <subfield code="v">Heft 29/30</subfield>
  </datafield>
  <datafield tag="500" ind1=" " ind2=" ">
    <subfield code="a">At head of title: Historia academica.</subfield>
  </datafield>
  <datafield tag="504" ind1=" " ind2=" ">
    <subfield code="a">Includes bibliographical references (p. 329-339) and indexes.</subfield>
  </datafield>
  <datafield tag="650" ind1=" " ind2="0">
    <subfield code="a">Students&apos; songs</subfield>
    <subfield code="z">Germany</subfield>
    <subfield code="x">History and criticism.</subfield>
  </datafield>
  <datafield tag="700" ind1="1" ind2=" ">
    <subfield code="a">Lang, Raimund,</subfield>
    <subfield code="d">1951-</subfield>
  </datafield>
  <datafield tag="700" ind1="1" ind2=" ">
    <subfield code="a">Becker, Ulrich</subfield>
    <subfield code="c">(Writer on history of academia)</subfield>
  </datafield>
  <datafield tag="700" ind1="1" ind2=" ">
    <subfield code="a">Setter, Jürgen.</subfield>
  </datafield>
  <datafield tag="830" ind1=" " ind2="0">
    <subfield code="a">Historia academica ;</subfield>
    <subfield code="v">Heft 29/30.</subfield>
  </datafield>
</record>