
<record>
  <leader>00942cam a2200229 a 4500</leader>
  <controlfield tag="001">950532</controlfield>
  <controlfield tag="005">20200104205151.0</controlfield>
  <controlfield tag="008">840213s1984    nyua     c    000 0 eng  </controlfield>
  <datafield tag="906" ind1=" " ind2=" ">
    <subfield code="a">7</subfield>
    <subfield code="b">cbc</subfield>
    <subfield code="c">orignew</subfield>
    <subfield code="d">1</subfield>
    <subfield code="e">ocip</subfield>
    <subfield code="f">19</subfield>
    <subfield code="g">y-gencatlg</subfield>
  </datafield>
  <datafield tag="925" ind1="0" ind2=" ">
    <subfield code="a">acquire</subfield>
    <subfield code="b">1 shelf copy</subfield>
    <subfield code="x">policy default</subfield>
  </datafield>
  <datafield tag="010" ind1=" " ind2=" ">
    <subfield code="a">   84001365 </subfield>
  </datafield>
  <datafield tag="020" ind1=" " ind2=" ">
    <subfield code="a">0917376390</subfield>
  </datafield>
  <datafield tag="035" ind1=" " ind2=" ">
    <subfield code="9">(DLC)   84001365</subfield>
  </datafield>
  <datafield tag="040" ind1=" " ind2=" ">
    <subfield code="a">DLC</subfield>
    <subfield code="c">DLC</subfield>
    <subfield code="d">DLC</subfield>
  </datafield>
  <datafield tag="050" ind1="0" ind2="0">
    <subfield code="a">N6537.J32</subfield>
    <subfield code="b">A4 1984</subfield>
  </datafield>
  <datafield tag="082" ind1="0" ind2="0">
    <subfield code="a">759.13</subfield>
    <subfield code="2">19</subfield>
  </datafield>
  <datafield tag="100" ind1="1" ind2=" ">
    <subfield code="a">Sniffen, Harold S.</subfield>
    <subfield code="q">(Harold Scott),</subfield>
    <subfield code="d">1908-1996.</subfield>
  </datafield>
  <datafield tag="245" ind1="1" ind2="0">
    <subfield code="a">Antonio Jacobsen-- the checklist :</subfield>
    <subfield code="b">paintings and sketches by Antonio N.G. Jacobsen, 1850-1921 /</subfield>
    <subfield code="c">compiled by Harold S. Sniffen.</subfield>
  </datafield>
  <datafield tag="260" ind1=" " ind2=" ">
    <subfield code="a">New York :</subfield>
    <subfield code="b">Published by S. and P. Smith Galleries in association with the Mariners&apos; Museum, Newport News,</subfield>
    <subfield code="c">c1984.</subfield>
  </datafield>
  <datafield tag="300" ind1=" " ind2=" ">
    <subfield code="a">350 p. :</subfield>
    <subfield code="b">ill. ;</subfield>
    <subfield code="c">24 x 32 cm.</subfield>
  </datafield>
  <datafield tag="600" ind1="1" ind2="0">
    <subfield code="a">Jacobsen, Antonio N. G.,</subfield>
    <subfield code="d">1850-1921</subfield>
    <subfield code="x">Catalogs.</subfield>
  </datafield>
  <datafield tag="991" ind1=" " ind2=" ">
    <subfield code="p">00011201507</subfield>
    <subfield code="t">Copy 1</subfield>
    <subfield code="b">c-GenColl</subfield>
    <subfield code="h">N6537.J32</subfield>
    <subfield code="i">A4 1984</subfield>
    <subfield code="w">BOOKS</subfield>
  </datafield>
</record>