
<record>
  <leader>01456cem a2200325   4500</leader>
  <controlfield tag="001">5419647</controlfield>
  <controlfield tag="005">20200104210354.0</controlfield>
  <controlfield tag="007">aj|cafzn</controlfield>
  <controlfield tag="008">741231r19661589be i      a     0   lat  </controlfield>
  <datafield tag="906" ind1=" " ind2=" ">
    <subfield code="a">7</subfield>
    <subfield code="b">cbc</subfield>
    <subfield code="c">orignew</subfield>
    <subfield code="d">u</subfield>
    <subfield code="e">ncip</subfield>
    <subfield code="f">19</subfield>
    <subfield code="g">y-geogmaps</subfield>
  </datafield>
  <datafield tag="010" ind1=" " ind2=" ">
    <subfield code="a">   74696046 </subfield>
  </datafield>
  <datafield tag="035" ind1=" " ind2=" ">
    <subfield code="9">(DLC)   74696046</subfield>
  </datafield>
  <datafield tag="040" ind1=" " ind2=" ">
    <subfield code="a">DLC</subfield>
    <subfield code="c">DLC</subfield>
    <subfield code="d">DLC</subfield>
  </datafield>
  <datafield tag="050" ind1="0" ind2="0">
    <subfield code="a">G3200 1589</subfield>
    <subfield code="b">.J4 1966</subfield>
  </datafield>
  <datafield tag="052" ind1=" " ind2=" ">
    <subfield code="a">3200</subfield>
  </datafield>
  <datafield tag="100" ind1="1" ind2=" ">
    <subfield code="a">Jode, Corneille de,</subfield>
    <subfield code="d">1568?-1600.</subfield>
  </datafield>
  <datafield tag="245" ind1="1" ind2="0">
    <subfield code="a">Totivs orbis cogniti vniversalis descriptio.</subfield>
    <subfield code="b">Cui etiam eandem orbis terræ delineationem, duorum circulorum capacitate, huius descriptionis mundi longitudinem documento admirantibus, adiecimus.</subfield>
    <subfield code="c">Hanc orbis vniuersalẽ descriptionem Corn: de Iudoejs ... Gerardus Iudoes, excudeb.</subfield>
  </datafield>
  <datafield tag="260" ind1=" " ind2=" ">
    <subfield code="a">Antverpien,</subfield>
    <subfield code="c">1589</subfield>
    <subfield code="a">[Chicago,</subfield>
    <subfield code="b">Rand McNally,</subfield>
    <subfield code="c">1966?]</subfield>
  </datafield>
  <datafield tag="300" ind1=" " ind2=" ">
    <subfield code="a">col. map</subfield>
    <subfield code="c">37 x 53 cm. fold. in envelope 46 x 61 cm.</subfield>
  </datafield>
  <datafield tag="507" ind1=" " ind2=" ">
    <subfield code="a">Scale ca. 1:75,000,000.</subfield>
  </datafield>
  <datafield tag="500" ind1=" " ind2=" ">
    <subfield code="a">Title in lower left margin: The world by Gerard and Cornelis de Jode, 1589.</subfield>
  </datafield>
  <datafield tag="500" ind1=" " ind2=" ">
    <subfield code="a">Facsimile.</subfield>
  </datafield>
  <datafield tag="500" ind1=" " ind2=" ">
    <subfield code="a">Relief shown pictorially.</subfield>
  </datafield>
  <datafield tag="500" ind1=" " ind2=" ">
    <subfield code="a">&quot;Reproduced by Rand McNally from printed maps in the Library of Congress.&quot;</subfield>
  </datafield>
  <datafield tag="500" ind1=" " ind2=" ">
    <subfield code="a">Includes insets of north and south hemispheres.</subfield>
  </datafield>
  <datafield tag="650" ind1=" " ind2="0">
    <subfield code="a">World maps</subfield>
    <subfield code="x">Early works to 1800</subfield>
    <subfield code="x">Facsimiles.</subfield>
  </datafield>
  <datafield tag="700" ind1="1" ind2=" ">
    <subfield code="a">Jode, Gerard de,</subfield>
    <subfield code="d">approximately 1516 or 1517-1591.</subfield>
  </datafield>
  <datafield tag="710" ind1="2" ind2=" ">
    <subfield code="a">Rand McNally and Company.</subfield>
  </datafield>
  <datafield tag="952" ind1=" " ind2=" ">
    <subfield code="a">AACR2: 650; 710/2</subfield>
  </datafield>
  <datafield tag="991" ind1=" " ind2=" ">
    <subfield code="b">c-G&amp;M</subfield>
    <subfield code="h">G3200 1589</subfield>
    <subfield code="i">.J4 1966</subfield>
    <subfield code="t">Copy 1</subfield>
    <subfield code="w">MAPS</subfield>
  </datafield>
</record>