
<record>
  <leader>00845cem a2200241u  4500</leader>
  <controlfield tag="001">5815260</controlfield>
  <controlfield tag="005">20200104210417.0</controlfield>
  <controlfield tag="007">ad canzn</controlfield>
  <controlfield tag="008">841018s1613    be        e         lat  </controlfield>
  <datafield tag="906" ind1=" " ind2=" ">
    <subfield code="a">0</subfield>
    <subfield code="b">cbc</subfield>
    <subfield code="c">premunv</subfield>
    <subfield code="d">u</subfield>
    <subfield code="e">ncip</subfield>
    <subfield code="f">19</subfield>
    <subfield code="g">y-geogmaps</subfield>
  </datafield>
  <datafield tag="035" ind1=" " ind2=" ">
    <subfield code="9">(DLC)unk84016361</subfield>
  </datafield>
  <datafield tag="010" ind1=" " ind2=" ">
    <subfield code="a">unk84016361 </subfield>
  </datafield>
  <datafield tag="040" ind1=" " ind2=" ">
    <subfield code="a">DLC</subfield>
    <subfield code="c">CarP</subfield>
    <subfield code="d">DLC</subfield>
  </datafield>
  <datafield tag="050" ind1="0" ind2="0">
    <subfield code="a">G1015</subfield>
    <subfield code="b">.J6 1613</subfield>
  </datafield>
  <datafield tag="100" ind1="1" ind2=" ">
    <subfield code="a">Jode, Gerard de,</subfield>
    <subfield code="d">approximately 1516 or 1517-1591.</subfield>
  </datafield>
  <datafield tag="240" ind1="0" ind2="0">
    <subfield code="a">Specvlvm orbis terrarvm.</subfield>
    <subfield code="l">Latin. </subfield>
  </datafield>
  <datafield tag="245" ind1="1" ind2="0">
    <subfield code="a">Specvlvm orbis terræ.</subfield>
  </datafield>
  <datafield tag="260" ind1=" " ind2=" ">
    <subfield code="a">Antverpiæ,</subfield>
    <subfield code="b">Sumptibus viduæ et hęredũ Gerardi de Iudæis</subfield>
    <subfield code="c">[1613]</subfield>
  </datafield>
  <datafield tag="300" ind1=" " ind2=" ">
    <subfield code="a">2 v. in 1.</subfield>
    <subfield code="b">port., col. maps.</subfield>
    <subfield code="c">42 cm.</subfield>
  </datafield>
  <datafield tag="650" ind1=" " ind2="0">
    <subfield code="a">Atlases</subfield>
    <subfield code="v">Early works to 1800.</subfield>
  </datafield>
  <datafield tag="700" ind1="1" ind2=" ">
    <subfield code="a">Jode, Cornelis de,</subfield>
    <subfield code="d">1568?-1600. </subfield>
  </datafield>
  <datafield tag="985" ind1=" " ind2=" ">
    <subfield code="e">ATLAS MIG</subfield>
  </datafield>
  <datafield tag="991" ind1=" " ind2=" ">
    <subfield code="b">c-G&amp;M</subfield>
    <subfield code="h">G1015</subfield>
    <subfield code="i">.J6 1613</subfield>
    <subfield code="t">Copy 1</subfield>
    <subfield code="m">Vault</subfield>
    <subfield code="w">PREM</subfield>
  </datafield>
</record>