
<record>
  <leader>00815cam a2200229u  4500</leader>
  <controlfield tag="001">6611997</controlfield>
  <controlfield tag="005">20200104210024.0</controlfield>
  <controlfield tag="008">840214s1963    ne ac         000 0bfre  </controlfield>
  <datafield tag="906" ind1=" " ind2=" ">
    <subfield code="a">0</subfield>
    <subfield code="b">cbc</subfield>
    <subfield code="c">premunv</subfield>
    <subfield code="d">u</subfield>
    <subfield code="e">ncip</subfield>
    <subfield code="f">19</subfield>
    <subfield code="g">y-gencatlg</subfield>
  </datafield>
  <datafield tag="035" ind1=" " ind2=" ">
    <subfield code="9">(DLC)   67093495</subfield>
  </datafield>
  <datafield tag="010" ind1=" " ind2=" ">
    <subfield code="a">   67093495 </subfield>
  </datafield>
  <datafield tag="040" ind1=" " ind2=" ">
    <subfield code="a">DLC</subfield>
    <subfield code="c">CarP</subfield>
    <subfield code="d">DLC</subfield>
  </datafield>
  <datafield tag="050" ind1="0" ind2="0">
    <subfield code="a">GA913.5.J6</subfield>
    <subfield code="b">O7 1963</subfield>
  </datafield>
  <datafield tag="100" ind1="1" ind2=" ">
    <subfield code="a">Ortroy, Fernand van,</subfield>
    <subfield code="d">1856-1934.</subfield>
  </datafield>
  <datafield tag="245" ind1="1" ind2="2">
    <subfield code="a">L&apos;œuvre cartographique de Gérard et de Corneille de Jode.</subfield>
  </datafield>
  <datafield tag="260" ind1=" " ind2=" ">
    <subfield code="a">Amsterdam,</subfield>
    <subfield code="b">Meridian Pub. Co.,</subfield>
    <subfield code="c">1963.</subfield>
  </datafield>
  <datafield tag="300" ind1=" " ind2=" ">
    <subfield code="a">xxxv, 130 p.</subfield>
    <subfield code="b">illus., port.</subfield>
    <subfield code="c">23 cm.</subfield>
  </datafield>
  <datafield tag="600" ind1="1" ind2="0">
    <subfield code="a">Jode, Gerard de,</subfield>
    <subfield code="d">approximately 1516 or 1517-1591.</subfield>
  </datafield>
  <datafield tag="600" ind1="1" ind2="0">
    <subfield code="a">Jode, Cornelis de,</subfield>
    <subfield code="d">1568-1600.</subfield>
  </datafield>
  <datafield tag="985" ind1=" " ind2=" ">
    <subfield code="g">fcd</subfield>
  </datafield>
  <datafield tag="991" ind1=" " ind2=" ">
    <subfield code="b">r-G&amp;MRR</subfield>
    <subfield code="h">GA913.5.J6</subfield>
    <subfield code="i">O7 1963</subfield>
    <subfield code="t">Copy 1</subfield>
    <subfield code="w">PREM</subfield>
  </datafield>
  <datafield tag="991" ind1=" " ind2=" ">
    <subfield code="b">r-G&amp;MRR</subfield>
    <subfield code="h">GA913.5.J6</subfield>
    <subfield code="i">O7 1963</subfield>
    <subfield code="t">Copy 999</subfield>
    <subfield code="w">GenBib bi 93-011086</subfield>
  </datafield>
</record>