
<record>
  <leader>01358cam a22003251a 4500</leader>
  <controlfield tag="001">7513434</controlfield>
  <controlfield tag="005">20200104185942.0</controlfield>
  <controlfield tag="008">840511s1953    ko a          000 0 kor  </controlfield>
  <datafield tag="906" ind1=" " ind2=" ">
    <subfield code="a">7</subfield>
    <subfield code="b">cbc</subfield>
    <subfield code="c">premver</subfield>
    <subfield code="d">1</subfield>
    <subfield code="e">ncip</subfield>
    <subfield code="f">19</subfield>
    <subfield code="g">y-nonroman</subfield>
  </datafield>
  <datafield tag="955" ind1=" " ind2=" ">
    <subfield code="a">cf07 2019-12-19 NEW INPUT</subfield>
  </datafield>
  <datafield tag="010" ind1=" " ind2=" ">
    <subfield code="a">k  64000149 </subfield>
  </datafield>
  <datafield tag="040" ind1=" " ind2=" ">
    <subfield code="a">DLC</subfield>
    <subfield code="c">CarP</subfield>
    <subfield code="d">DLC</subfield>
  </datafield>
  <datafield tag="043" ind1=" " ind2=" ">
    <subfield code="a">a-kr---</subfield>
  </datafield>
  <datafield tag="050" ind1="0" ind2="0">
    <subfield code="a">DS903</subfield>
    <subfield code="b">.K5</subfield>
  </datafield>
  <datafield tag="066" ind1=" " ind2=" ">
    <subfield code="c">$1</subfield>
  </datafield>
  <datafield tag="100" ind1="1" ind2=" ">
    <subfield code="6">880-01</subfield>
    <subfield code="a">Kim, Yŏng-gi,</subfield>
    <subfield code="d">1911 November 30-</subfield>
  </datafield>
  <datafield tag="880" ind1="1" ind2=" ">
    <subfield code="6">100-01/$1</subfield>
    <subfield code="a">김 영기,</subfield>
    <subfield code="d">1911 November 30-</subfield>
  </datafield>
  <datafield tag="245" ind1="1" ind2="0">
    <subfield code="6">880-02</subfield>
    <subfield code="a">Silla munhwa wa Kyŏngju kojŏk /</subfield>
    <subfield code="c">Kim Yŏng-gi chiŭm.</subfield>
  </datafield>
  <datafield tag="880" ind1="1" ind2="0">
    <subfield code="6">245-02/$1</subfield>
    <subfield code="a">신라 문화 와 경주 고적 /</subfield>
    <subfield code="c">김 영기 지음.</subfield>
  </datafield>
  <datafield tag="246" ind1="1" ind2=" ">
    <subfield code="6">880-03</subfield>
    <subfield code="i">At head of title:</subfield>
    <subfield code="a">Kyŏngju kojŏk annae</subfield>
  </datafield>
  <datafield tag="880" ind1="1" ind2=" ">
    <subfield code="6">246-03/$1</subfield>
    <subfield code="i">At head of title:</subfield>
    <subfield code="a">경주 고적 안내</subfield>
  </datafield>
  <datafield tag="250" ind1=" " ind2=" ">
    <subfield code="6">880-04</subfield>
    <subfield code="a">Ch&apos;ŏnggang Silla Munhwa Yŏn&apos;gu Huwŏnhoe p&apos;an.</subfield>
  </datafield>
  <datafield tag="880" ind1=" " ind2=" ">
    <subfield code="6">250-04/$1</subfield>
    <subfield code="a">청강 신라 문화 연구 후원회 판.</subfield>
  </datafield>
  <datafield tag="260" ind1=" " ind2=" ">
    <subfield code="6">880-05</subfield>
    <subfield code="a">[Kyŏngju] :</subfield>
    <subfield code="b">Kyŏngju Kojŏk Pojonhoe,</subfield>
    <subfield code="c">Tan&apos;gi 4288 [1953]</subfield>
  </datafield>
  <datafield tag="880" ind1=" " ind2=" ">
    <subfield code="6">260-05/$1</subfield>
    <subfield code="a">[慶州] :</subfield>
    <subfield code="b">慶州 古蹟 保存會,</subfield>
    <subfield code="c">檀紀 4288 [1953]</subfield>
  </datafield>
  <datafield tag="300" ind1=" " ind2=" ">
    <subfield code="a">142 p. :</subfield>
    <subfield code="b">ill. ;</subfield>
    <subfield code="c">19 cm.</subfield>
  </datafield>
  <datafield tag="651" ind1=" " ind2="0">
    <subfield code="6">880-06</subfield>
    <subfield code="a">Kyŏngju-si (Korea)</subfield>
    <subfield code="x">Antiquities.</subfield>
  </datafield>
  <datafield tag="880" ind1=" " ind2="4">
    <subfield code="6">651-06/$1</subfield>
    <subfield code="a">慶州市 (Korea)</subfield>
    <subfield code="x">Antiquities.</subfield>
  </datafield>
  <datafield tag="651" ind1=" " ind2="0">
    <subfield code="a">Korea</subfield>
    <subfield code="x">Civilization.</subfield>
  </datafield>
  <datafield tag="952" ind1=" " ind2=" ">
    <subfield code="a">Record changed to update romanization and word division</subfield>
  </datafield>
</record>