
<record>
  <leader>00859cam a22002411  4500</leader>
  <controlfield tag="001">9199844</controlfield>
  <controlfield tag="005">20200104182018.0</controlfield>
  <controlfield tag="008">820707s1922    gw a          000 0 ger  </controlfield>
  <datafield tag="906" ind1=" " ind2=" ">
    <subfield code="a">0</subfield>
    <subfield code="b">cbc</subfield>
    <subfield code="c">premver</subfield>
    <subfield code="d">u</subfield>
    <subfield code="e">ncip</subfield>
    <subfield code="f">19</subfield>
    <subfield code="g">y-gencatlg</subfield>
  </datafield>
  <datafield tag="010" ind1=" " ind2=" ">
    <subfield code="a">po 25000020 </subfield>
  </datafield>
  <datafield tag="035" ind1=" " ind2=" ">
    <subfield code="9">(DLC)po 25000020</subfield>
  </datafield>
  <datafield tag="040" ind1=" " ind2=" ">
    <subfield code="a">DLC</subfield>
    <subfield code="c">CarP</subfield>
    <subfield code="d">DLC</subfield>
  </datafield>
  <datafield tag="050" ind1="0" ind2="0">
    <subfield code="a">TL545</subfield>
    <subfield code="b">.W15 bd. 8</subfield>
  </datafield>
  <datafield tag="051" ind1=" " ind2=" ">
    <subfield code="a">TL589</subfield>
    <subfield code="b">.B45</subfield>
    <subfield code="c">Copy 2.</subfield>
  </datafield>
  <datafield tag="100" ind1="1" ind2=" ">
    <subfield code="a">Bennewitz, Kurt,</subfield>
    <subfield code="d">1886-1964.</subfield>
  </datafield>
  <datafield tag="245" ind1="1" ind2="0">
    <subfield code="a">Flugzeuginstrumente,</subfield>
    <subfield code="c">von dr. Kurt Bennewitz. Mit 386 abbildungen im text ...</subfield>
  </datafield>
  <datafield tag="260" ind1=" " ind2=" ">
    <subfield code="a">Berlin,</subfield>
    <subfield code="b">R.C. Schmidt &amp; co.,</subfield>
    <subfield code="c">1922.</subfield>
  </datafield>
  <datafield tag="300" ind1=" " ind2=" ">
    <subfield code="a">324 p.</subfield>
    <subfield code="b">illus., diagrs.</subfield>
    <subfield code="c">27 cm.</subfield>
  </datafield>
  <datafield tag="650" ind1=" " ind2="0">
    <subfield code="a">Aeronautical instruments.</subfield>
  </datafield>
  <datafield tag="800" ind1="1" ind2=" ">
    <subfield code="a">Wagenführ, F.</subfield>
    <subfield code="t">Handbuch der flugzeugkunde,</subfield>
    <subfield code="v">bd. VIII. </subfield>
  </datafield>
  <datafield tag="985" ind1=" " ind2=" ">
    <subfield code="f">cj07</subfield>
    <subfield code="g">enh</subfield>
  </datafield>
  <datafield tag="991" ind1=" " ind2=" ">
    <subfield code="b">c-GenColl</subfield>
    <subfield code="h">TL545</subfield>
    <subfield code="i">.W15 bd. 8</subfield>
    <subfield code="t">Copy 1</subfield>
    <subfield code="w">PREM</subfield>
  </datafield>
  <datafield tag="991" ind1=" " ind2=" ">
    <subfield code="b">c-GenColl</subfield>
    <subfield code="h">TL589</subfield>
    <subfield code="i">.B45</subfield>
    <subfield code="t">Copy 1</subfield>
    <subfield code="w">PREM</subfield>
  </datafield>
</record>