
<record>
  <leader>01357cam a22002651  4500</leader>
  <controlfield tag="001">9219918</controlfield>
  <controlfield tag="005">20200104210100.0</controlfield>
  <controlfield tag="008">810224s1618    ne f          000 0 und  </controlfield>
  <datafield tag="906" ind1=" " ind2=" ">
    <subfield code="a">0</subfield>
    <subfield code="b">cbc</subfield>
    <subfield code="c">premver</subfield>
    <subfield code="d">u</subfield>
    <subfield code="e">ncip</subfield>
    <subfield code="f">19</subfield>
    <subfield code="g">y-gencatlg</subfield>
  </datafield>
  <datafield tag="010" ind1=" " ind2=" ">
    <subfield code="a">   31030200 </subfield>
  </datafield>
  <datafield tag="035" ind1=" " ind2=" ">
    <subfield code="9">(DLC)   31030200</subfield>
  </datafield>
  <datafield tag="040" ind1=" " ind2=" ">
    <subfield code="a">DLC</subfield>
    <subfield code="c">CarP</subfield>
    <subfield code="d">DLC</subfield>
  </datafield>
  <datafield tag="050" ind1="1" ind2="0">
    <subfield code="a">KJA3290</subfield>
  </datafield>
  <datafield tag="050" ind1="0" ind2="0">
    <subfield code="a">DG89</subfield>
    <subfield code="b">.P3</subfield>
  </datafield>
  <datafield tag="100" ind1="1" ind2=" ">
    <subfield code="a">Panvinio, Onofrio,</subfield>
    <subfield code="d">1529-1568.</subfield>
  </datafield>
  <datafield tag="245" ind1="1" ind2="0">
    <subfield code="a">Amplissimi ornatissimiq[ue] triumphi,</subfield>
    <subfield code="b">vti. L. Pavlvs de rege Macedonum perse capto, P. Africanus A︠e︡milianus de Carthagenensibus excisis.</subfield>
    <subfield code="c">C.N. Pompeius Magnus ex Oriente, Julius Augustus, Vespasianus, Traianus, et alïj̈ imperatores romani, triumpharunt. Ex antiquissimis lapidum, nummorum et librorum monumentis accuratissima descriptio: Onuphrïj̈ Panuinïj̈ veronensis inuentoris opera, et a︠e︡neis formis.</subfield>
  </datafield>
  <datafield tag="260" ind1=" " ind2=" ">
    <subfield code="a">Antwerpia︠e︡ primum,</subfield>
    <subfield code="b">nunc autem Roma︠e︡ apud Godefredum de Scaichi edita,</subfield>
    <subfield code="c">1618.</subfield>
  </datafield>
  <datafield tag="300" ind1=" " ind2=" ">
    <subfield code="a">1 p.l. , 11 pl.</subfield>
    <subfield code="c">28 x 42 cm.</subfield>
  </datafield>
  <datafield tag="500" ind1=" " ind2=" ">
    <subfield code="a">Title within ornamental border.</subfield>
  </datafield>
  <datafield tag="500" ind1=" " ind2=" ">
    <subfield code="a">Engraved throughout by G. de Jode, after drawings of M. van Heemskerk.</subfield>
  </datafield>
  <datafield tag="700" ind1="1" ind2=" ">
    <subfield code="a">Heemskerk, Martin van,</subfield>
    <subfield code="d">1498-1574.</subfield>
  </datafield>
  <datafield tag="700" ind1="1" ind2=" ">
    <subfield code="a">Jode, Gerard de,</subfield>
    <subfield code="d">approximately 1516 or 1517-1591,</subfield>
    <subfield code="e">engr.</subfield>
  </datafield>
  <datafield tag="985" ind1=" " ind2=" ">
    <subfield code="a">pp/casebk</subfield>
  </datafield>
  <datafield tag="985" ind1=" " ind2=" ">
    <subfield code="f">vj26; vj34</subfield>
    <subfield code="g">050dvc enh</subfield>
  </datafield>
  <datafield tag="991" ind1=" " ind2=" ">
    <subfield code="b">c-P&amp;P</subfield>
    <subfield code="h">DG89</subfield>
    <subfield code="i">.P3</subfield>
    <subfield code="t">Copy 1</subfield>
    <subfield code="m">(Case Y)</subfield>
    <subfield code="v">obj.</subfield>
    <subfield code="w">PREM</subfield>
  </datafield>
</record>