
<record>
  <leader>01787cam a22003611  4500</leader>
  <controlfield tag="001">9613227</controlfield>
  <controlfield tag="005">20200104180547.0</controlfield>
  <controlfield tag="007">cr |||||||||||</controlfield>
  <controlfield tag="008">810130m18061807enkf          000 0 eng  </controlfield>
  <datafield tag="906" ind1=" " ind2=" ">
    <subfield code="a">7</subfield>
    <subfield code="b">cbc</subfield>
    <subfield code="c">premver</subfield>
    <subfield code="d">u</subfield>
    <subfield code="e">ncip</subfield>
    <subfield code="f">19</subfield>
    <subfield code="g">y-gencatlg</subfield>
  </datafield>
  <datafield tag="010" ind1=" " ind2=" ">
    <subfield code="a">   06023603 </subfield>
  </datafield>
  <datafield tag="040" ind1=" " ind2=" ">
    <subfield code="a">DLC</subfield>
    <subfield code="c">CarP</subfield>
    <subfield code="d">DLC</subfield>
  </datafield>
  <datafield tag="043" ind1=" " ind2=" ">
    <subfield code="a">e-ure--</subfield>
    <subfield code="a">r------</subfield>
  </datafield>
  <datafield tag="050" ind1="0" ind2="0">
    <subfield code="a">DK754</subfield>
    <subfield code="b">.S24</subfield>
  </datafield>
  <datafield tag="051" ind1=" " ind2=" ">
    <subfield code="a">G161</subfield>
    <subfield code="b">.P55 vol. 5, no. 1</subfield>
    <subfield code="c">Another copy. Vol. 1 only.</subfield>
  </datafield>
  <datafield tag="051" ind1=" " ind2=" ">
    <subfield code="a">G161</subfield>
    <subfield code="b">.P55 vol. 6, no. 2</subfield>
    <subfield code="c">Another copy. Vol. 2 only.</subfield>
  </datafield>
  <datafield tag="100" ind1="1" ind2=" ">
    <subfield code="a">Sarychev, Gavriil Andreevich,</subfield>
    <subfield code="d">1763-1831.</subfield>
  </datafield>
  <datafield tag="240" ind1="1" ind2="0">
    <subfield code="a">Puteshestvie flota kapitana Sarycheva po severovostochnoĭ chasti Sibiri.</subfield>
    <subfield code="l">English</subfield>
  </datafield>
  <datafield tag="245" ind1="1" ind2="0">
    <subfield code="a">Account of a voyage of discovery to the north-east of Siberia, the frozen ocean, and the north-east sea.</subfield>
    <subfield code="c">By Gawrila Sarytschew. Translated out of the Russian and embellished with engravings.</subfield>
  </datafield>
  <datafield tag="260" ind1=" " ind2=" ">
    <subfield code="a">London,</subfield>
    <subfield code="b">Printed for R. Phillips by J. G. Barnard,</subfield>
    <subfield code="c">1806-07.</subfield>
  </datafield>
  <datafield tag="300" ind1=" " ind2=" ">
    <subfield code="a">2 v. in 1</subfield>
    <subfield code="b">5 pl. (part fol., part col.)</subfield>
    <subfield code="c">22 cm.</subfield>
  </datafield>
  <datafield tag="500" ind1=" " ind2=" ">
    <subfield code="a">Translation of Puteshestvie flota kapitana Sarycheva po severovostochnoĭ chasti Sibiri.</subfield>
  </datafield>
  <datafield tag="530" ind1=" " ind2=" ">
    <subfield code="a">Also available in digital form on the Library of Congress Web site.</subfield>
  </datafield>
  <datafield tag="651" ind1=" " ind2="0">
    <subfield code="a">Siberia, Northeastern (Russia)</subfield>
    <subfield code="x">Description and travel.</subfield>
  </datafield>
  <datafield tag="611" ind1="2" ind2="0">
    <subfield code="a">Geograficheskai︠a︡ i astronomicheskai︠a︡ ėkspedit︠s︡ii︠a︡ v severovostochnye chasti Rossii,</subfield>
    <subfield code="d">1785-1794.</subfield>
  </datafield>
  <datafield tag="651" ind1=" " ind2="0">
    <subfield code="a">Arctic regions.</subfield>
  </datafield>
  <datafield tag="856" ind1="4" ind2="1">
    <subfield code="d">rbc0001</subfield>
    <subfield code="f">2019gen23603</subfield>
    <subfield code="q">h</subfield>
    <subfield code="u">http://hdl.loc.gov/loc.rbc/mtfrb.23603</subfield>
  </datafield>
  <datafield tag="985" ind1=" " ind2=" ">
    <subfield code="a">mtfront/mtfrb/tx</subfield>
    <subfield code="e">intldl</subfield>
  </datafield>
  <datafield tag="985" ind1=" " ind2=" ">
    <subfield code="a">pmpull</subfield>
    <subfield code="e">intldl</subfield>
  </datafield>
  <datafield tag="985" ind1=" " ind2=" ">
    <subfield code="a">rbc/scd</subfield>
  </datafield>
  <datafield tag="991" ind1=" " ind2=" ">
    <subfield code="b">c-GenColl</subfield>
    <subfield code="h">DK754</subfield>
    <subfield code="i">.S24</subfield>
    <subfield code="p">00059080593</subfield>
    <subfield code="t">Copy 1</subfield>
    <subfield code="w">PREM</subfield>
  </datafield>
  <datafield tag="991" ind1=" " ind2=" ">
    <subfield code="b">c-RareBook</subfield>
    <subfield code="h">G161</subfield>
    <subfield code="i">.P55 vol. 5, no. 1</subfield>
    <subfield code="t">Copy 1</subfield>
    <subfield code="w">PREM</subfield>
  </datafield>
  <datafield tag="991" ind1=" " ind2=" ">
    <subfield code="b">c-RareBook</subfield>
    <subfield code="h">G161</subfield>
    <subfield code="i">.P55 vol. 6, no. 2</subfield>
    <subfield code="t">Copy 1</subfield>
    <subfield code="w">PREM</subfield>
  </datafield>
</record>