
<record>
  <leader>03398cas a2200565 a 4500</leader>
  <controlfield tag="001">10563852</controlfield>
  <controlfield tag="005">20200104075710.0</controlfield>
  <controlfield tag="008">851023c19689999ru uu     b   0    0rus c</controlfield>
  <datafield tag="010" ind1=" " ind2=" ">
    <subfield code="a">sn 94043583 </subfield>
    <subfield code="z">   74439541 </subfield>
  </datafield>
  <datafield tag="016" ind1="7" ind2=" ">
    <subfield code="a">008518558</subfield>
    <subfield code="2">Uk</subfield>
  </datafield>
  <datafield tag="022" ind1=" " ind2=" ">
    <subfield code="a">0418-3568</subfield>
  </datafield>
  <datafield tag="035" ind1=" " ind2=" ">
    <subfield code="a">(OCoLC)ocm04447095 </subfield>
  </datafield>
  <datafield tag="040" ind1=" " ind2=" ">
    <subfield code="a">UCU</subfield>
    <subfield code="b">eng</subfield>
    <subfield code="c">UCU</subfield>
    <subfield code="d">COO</subfield>
    <subfield code="d">IUL</subfield>
    <subfield code="d">OCL</subfield>
    <subfield code="d">IUL</subfield>
    <subfield code="d">WAU</subfield>
    <subfield code="d">OCLCQ</subfield>
    <subfield code="d">OCLCG</subfield>
    <subfield code="d">OCLCQ</subfield>
    <subfield code="d">IUL</subfield>
    <subfield code="d">OCLCF</subfield>
    <subfield code="d">OCLCO</subfield>
    <subfield code="d">IUL</subfield>
    <subfield code="d">UEJ</subfield>
    <subfield code="d">OCLCQ</subfield>
    <subfield code="d">DLC</subfield>
    <subfield code="d">UKMGB</subfield>
    <subfield code="d">OCLCA</subfield>
    <subfield code="d">OCL</subfield>
  </datafield>
  <datafield tag="042" ind1=" " ind2=" ">
    <subfield code="a">pcc</subfield>
  </datafield>
  <datafield tag="050" ind1="0" ind2="0">
    <subfield code="a">PQ4331</subfield>
    <subfield code="b">.R83</subfield>
  </datafield>
  <datafield tag="066" ind1=" " ind2=" ">
    <subfield code="c">(N</subfield>
  </datafield>
  <datafield tag="245" ind1="0" ind2="0">
    <subfield code="6">880-01</subfield>
    <subfield code="a">Dantovskie chtenii︠a︡.</subfield>
  </datafield>
  <datafield tag="246" ind1="1" ind2="5">
    <subfield code="a">Letture dantesche</subfield>
  </datafield>
  <datafield tag="260" ind1=" " ind2=" ">
    <subfield code="6">880-02</subfield>
    <subfield code="a">Moskva :</subfield>
    <subfield code="b">Izd-vo &quot;Nauka&quot;</subfield>
  </datafield>
  <datafield tag="300" ind1=" " ind2=" ">
    <subfield code="a">volumes :</subfield>
    <subfield code="b">illustrations ;</subfield>
    <subfield code="c">22 cm</subfield>
  </datafield>
  <datafield tag="336" ind1=" " ind2=" ">
    <subfield code="a">text</subfield>
    <subfield code="b">txt</subfield>
    <subfield code="2">rdacontent</subfield>
  </datafield>
  <datafield tag="337" ind1=" " ind2=" ">
    <subfield code="a">unmediated</subfield>
    <subfield code="b">n</subfield>
    <subfield code="2">rdamedia</subfield>
  </datafield>
  <datafield tag="338" ind1=" " ind2=" ">
    <subfield code="a">volume</subfield>
    <subfield code="b">nc</subfield>
    <subfield code="2">rdacarrier</subfield>
  </datafield>
  <datafield tag="362" ind1="1" ind2=" ">
    <subfield code="a">Began in 1968.</subfield>
  </datafield>
  <datafield tag="550" ind1=" " ind2=" ">
    <subfield code="6">880-03</subfield>
    <subfield code="a">Issued by: Dantovskai︠a︡ komissii︠a︡ of Nauchnyĭ sovet po istorii mirovoĭ kulʹtury of the Akademii︠a︡ nauk SSSR, -1987; by Dantovskai︠a︡ kommissii︠a︡ of Nauchnyĭ sovet po istorii mirovoĭ kulʹtury of the Rossiĭskai︠a︡ akademii︠a︡ nauk, 1990-</subfield>
  </datafield>
  <datafield tag="588" ind1=" " ind2=" ">
    <subfield code="a">Latest issue consulted: 1990, published in 1993.</subfield>
  </datafield>
  <datafield tag="600" ind1="0" ind2="0">
    <subfield code="a">Dante Alighieri,</subfield>
    <subfield code="d">1265-1321.</subfield>
  </datafield>
  <datafield tag="600" ind1="0" ind2="0">
    <subfield code="a">Dante Alighieri,</subfield>
    <subfield code="d">1265-1321</subfield>
    <subfield code="x">Appreciation</subfield>
    <subfield code="z">Slavic countries.</subfield>
  </datafield>
  <datafield tag="600" ind1="0" ind2="0">
    <subfield code="a">Dante Alighieri,</subfield>
    <subfield code="d">1265-1321</subfield>
    <subfield code="x">Criticism and interpretation.</subfield>
  </datafield>
  <datafield tag="600" ind1="0" ind2="7">
    <subfield code="a">Dante Alighieri,</subfield>
    <subfield code="d">1265-1321.</subfield>
    <subfield code="2">fast</subfield>
    <subfield code="0">(OCoLC)fst00029097</subfield>
  </datafield>
  <datafield tag="600" ind1="0" ind2="4">
    <subfield code="a">Dante Alighieri,</subfield>
    <subfield code="d">1265-1321.</subfield>
  </datafield>
  <datafield tag="600" ind1="0" ind2="4">
    <subfield code="a">Dante Alighieri,</subfield>
    <subfield code="d">1265-1321</subfield>
    <subfield code="x">Appreciation</subfield>
    <subfield code="z">Slavic countries.</subfield>
  </datafield>
  <datafield tag="600" ind1="0" ind2="4">
    <subfield code="a">Dante Alighieri,</subfield>
    <subfield code="d">1265-1321</subfield>
    <subfield code="x">Criticism and interpretation.</subfield>
  </datafield>
  <datafield tag="650" ind1=" " ind2="7">
    <subfield code="a">Art appreciation.</subfield>
    <subfield code="2">fast</subfield>
    <subfield code="0">(OCoLC)fst00815447</subfield>
  </datafield>
  <datafield tag="651" ind1=" " ind2="7">
    <subfield code="a">Slavic countries.</subfield>
    <subfield code="2">fast</subfield>
    <subfield code="0">(OCoLC)fst01243927</subfield>
  </datafield>
  <datafield tag="655" ind1=" " ind2="7">
    <subfield code="a">Criticism, interpretation, etc.</subfield>
    <subfield code="2">fast</subfield>
    <subfield code="0">(OCoLC)fst01411635</subfield>
  </datafield>
  <datafield tag="710" ind1="2" ind2=" ">
    <subfield code="6">880-04</subfield>
    <subfield code="a">Nauchnyĭ sovet po istorii mirovoĭ kulʹtury (Akademii︠a︡ nauk SSSR).</subfield>
    <subfield code="b">Dantovskai︠a︡ komissii︠a︡.</subfield>
  </datafield>
  <datafield tag="710" ind1="2" ind2=" ">
    <subfield code="6">880-05</subfield>
    <subfield code="a">Nauchnyĭ sovet po istorii mirovoĭ kulʹtury (Rossiĭskai︠a︡ akademii︠a︡ nauk).</subfield>
    <subfield code="b">Dantovskai︠a︡ komissii︠a︡.</subfield>
  </datafield>
  <datafield tag="776" ind1="0" ind2="8">
    <subfield code="6">880-06</subfield>
    <subfield code="i">Online version:</subfield>
    <subfield code="t">Dantovskie chtenii︠a︡</subfield>
    <subfield code="w">(OCoLC)560325173</subfield>
  </datafield>
  <datafield tag="850" ind1=" " ind2=" ">
    <subfield code="a">WaU</subfield>
  </datafield>
  <datafield tag="880" ind1="0" ind2="0">
    <subfield code="6">245-01/(N</subfield>
    <subfield code="a">Дантовские чтения.</subfield>
  </datafield>
  <datafield tag="880" ind1=" " ind2=" ">
    <subfield code="6">260-02/(N</subfield>
    <subfield code="a">Москва :</subfield>
    <subfield code="b">Изд-во &quot;Наука&quot;</subfield>
  </datafield>
  <datafield tag="880" ind1=" " ind2=" ">
    <subfield code="6">550-03/(N</subfield>
    <subfield code="a">Issued by: Дантовская комиссия of Научный совет по истории мировой культуры of the Академия наук СССР, -1987; by Дантовская коммиссия of Научный совет по истории мировой культуры of the Российская академия наук, 1990-</subfield>
  </datafield>
  <datafield tag="880" ind1="2" ind2=" ">
    <subfield code="6">710-04/(N</subfield>
    <subfield code="a">Научный совет по истории мировой культуры (Академия наук СССР).</subfield>
    <subfield code="b">Дантовская комиссия.</subfield>
  </datafield>
  <datafield tag="880" ind1="2" ind2=" ">
    <subfield code="6">710-05/(N</subfield>
    <subfield code="a">Научный совет по истории мировой культуры (Российская академия наук).</subfield>
    <subfield code="b">Дантовская комиссия.</subfield>
  </datafield>
  <datafield tag="880" ind1="0" ind2="8">
    <subfield code="6">776-06/(N</subfield>
    <subfield code="i">Online version:</subfield>
    <subfield code="t">Дантовские чтения</subfield>
    <subfield code="w">(OCoLC)560325173</subfield>
  </datafield>
  <datafield tag="906" ind1=" " ind2=" ">
    <subfield code="a">7</subfield>
    <subfield code="b">cbc</subfield>
    <subfield code="c">sercoop</subfield>
    <subfield code="d">3</subfield>
    <subfield code="e">ncip</subfield>
    <subfield code="f">20</subfield>
    <subfield code="g">n-oclcserc</subfield>
  </datafield>
  <datafield tag="920" ind1=" " ind2=" ">
    <subfield code="a">Keep 1</subfield>
  </datafield>
  <datafield tag="955" ind1=" " ind2=" ">
    <subfield code="i">fe04 2018-09-20 serloc replaced</subfield>
  </datafield>
  <datafield tag="991" ind1=" " ind2=" ">
    <subfield code="b">c-GenColl</subfield>
    <subfield code="c">B/L</subfield>
    <subfield code="h">PQ4331.R83</subfield>
    <subfield code="w">SERLOC</subfield>
  </datafield>
</record>