
<record>
  <leader>03518cas a2200661 a 4500</leader>
  <controlfield tag="001">11135348</controlfield>
  <controlfield tag="005">20200104075743.0</controlfield>
  <controlfield tag="008">910812d19341978inuar        s0    0eng c</controlfield>
  <datafield tag="010" ind1=" " ind2=" ">
    <subfield code="a">   09016177 </subfield>
    <subfield code="z">sn 91034138 </subfield>
  </datafield>
  <datafield tag="035" ind1=" " ind2=" ">
    <subfield code="a">(OCoLC)ocm24222157 </subfield>
  </datafield>
  <datafield tag="040" ind1=" " ind2=" ">
    <subfield code="a">NYG</subfield>
    <subfield code="b">eng</subfield>
    <subfield code="c">NYG</subfield>
    <subfield code="d">DLC</subfield>
    <subfield code="d">OCL</subfield>
    <subfield code="d">DLC</subfield>
    <subfield code="d">IUL</subfield>
    <subfield code="d">HUL</subfield>
    <subfield code="d">DLC</subfield>
    <subfield code="d">IUL</subfield>
    <subfield code="d">DLC</subfield>
    <subfield code="d">IUL</subfield>
    <subfield code="d">OCLCQ</subfield>
    <subfield code="d">OCLCF</subfield>
    <subfield code="d">OCLCO</subfield>
    <subfield code="d">OCLCA</subfield>
  </datafield>
  <datafield tag="042" ind1=" " ind2=" ">
    <subfield code="a">pcc</subfield>
  </datafield>
  <datafield tag="043" ind1=" " ind2=" ">
    <subfield code="a">n-us-in</subfield>
  </datafield>
  <datafield tag="050" ind1="0" ind2="0">
    <subfield code="a">HV86</subfield>
    <subfield code="b">.I6</subfield>
  </datafield>
  <datafield tag="082" ind1="0" ind2="4">
    <subfield code="a">361.6</subfield>
    <subfield code="b">I3985</subfield>
  </datafield>
  <datafield tag="110" ind1="1" ind2=" ">
    <subfield code="a">Indiana.</subfield>
    <subfield code="b">Department of Public Welfare.</subfield>
  </datafield>
  <datafield tag="245" ind1="1" ind2="0">
    <subfield code="a">Annual report /</subfield>
    <subfield code="c">Department of Public Welfare.</subfield>
  </datafield>
  <datafield tag="246" ind1="1" ind2=" ">
    <subfield code="i">Vol. for 1936 has title:</subfield>
    <subfield code="a">Annual report of the State Department of Public Welfare of the State of Indiana for the fiscal year ended June 30 ...</subfield>
  </datafield>
  <datafield tag="246" ind1="1" ind2=" ">
    <subfield code="i">Vols. for 1937-1940 have title:</subfield>
    <subfield code="a">Annual report of the Department of Public Welfare and of the Division of Supervision of State Institutions for the fiscal year ended June 30 ...</subfield>
  </datafield>
  <datafield tag="246" ind1="1" ind2=" ">
    <subfield code="i">Vols. for 1941-&lt;1949&gt; have title:</subfield>
    <subfield code="a">Annual report of the Department of Public Welfare for the fiscal year ended June 30 ...</subfield>
  </datafield>
  <datafield tag="246" ind1="1" ind2=" ">
    <subfield code="i">Vols. for &lt;1953-&gt; have title:</subfield>
    <subfield code="a">Annual report of the Indiana State Department of Public Welfare for the fiscal year ended June 30 ...</subfield>
  </datafield>
  <datafield tag="249" ind1="0" ind2=" ">
    <subfield code="i">ACQUIRE Title:</subfield>
    <subfield code="a">Annual report / Department of Public Welfare.</subfield>
  </datafield>
  <datafield tag="260" ind1=" " ind2=" ">
    <subfield code="a">Indianapolis, Ind. :</subfield>
    <subfield code="b">The Dept.,</subfield>
    <subfield code="c">1934-[1978]</subfield>
  </datafield>
  <datafield tag="300" ind1=" " ind2=" ">
    <subfield code="a">volumes ;</subfield>
    <subfield code="c">23-28 cm.</subfield>
  </datafield>
  <datafield tag="310" ind1=" " ind2=" ">
    <subfield code="a">Annual</subfield>
  </datafield>
  <datafield tag="336" ind1=" " ind2=" ">
    <subfield code="a">text</subfield>
    <subfield code="b">txt</subfield>
    <subfield code="2">rdacontent</subfield>
  </datafield>
  <datafield tag="337" ind1=" " ind2=" ">
    <subfield code="a">unmediated</subfield>
    <subfield code="b">n</subfield>
    <subfield code="2">rdamedia</subfield>
  </datafield>
  <datafield tag="338" ind1=" " ind2=" ">
    <subfield code="a">volume</subfield>
    <subfield code="b">nc</subfield>
    <subfield code="2">rdacarrier</subfield>
  </datafield>
  <datafield tag="362" ind1="0" ind2=" ">
    <subfield code="a">44th (Year ending June 30, 1934)-45th (Year ending June 30, 1935) ; 1936-1978.</subfield>
  </datafield>
  <datafield tag="490" ind1="1" ind2=" ">
    <subfield code="a">1934-1935: Indiana bulletin of charities and correction</subfield>
    <subfield code="l">(HV86.I63)</subfield>
  </datafield>
  <datafield tag="500" ind1=" " ind2=" ">
    <subfield code="a">Title varies slightly.</subfield>
  </datafield>
  <datafield tag="500" ind1=" " ind2=" ">
    <subfield code="a">Vols. for 1937-1940 include reports of: Division of Supervision of State Institutions.</subfield>
  </datafield>
  <datafield tag="515" ind1=" " ind2=" ">
    <subfield code="a">Report year ends June 30.</subfield>
  </datafield>
  <datafield tag="515" ind1=" " ind2=" ">
    <subfield code="a">Vols. for 1936-1978 lack numeric designation.</subfield>
  </datafield>
  <datafield tag="515" ind1=" " ind2=" ">
    <subfield code="a">Reports for some years not issued.</subfield>
  </datafield>
  <datafield tag="580" ind1=" " ind2=" ">
    <subfield code="a">Vols. for 1936-&lt;1945&gt; issued also in: Year book of the State of Indiana for the year ...</subfield>
  </datafield>
  <datafield tag="590" ind1=" " ind2=" ">
    <subfield code="a">SERBIB/SERLOC merged record</subfield>
  </datafield>
  <datafield tag="592" ind1=" " ind2=" ">
    <subfield code="a">ACQN: aq 98010941</subfield>
  </datafield>
  <datafield tag="592" ind1=" " ind2=" ">
    <subfield code="a">1989/90;</subfield>
  </datafield>
  <datafield tag="592" ind1=" " ind2=" ">
    <subfield code="a">req. 1990/91 thru future issues.</subfield>
  </datafield>
  <datafield tag="610" ind1="1" ind2="0">
    <subfield code="a">Indiana.</subfield>
    <subfield code="b">Department of Public Welfare</subfield>
    <subfield code="v">Periodicals.</subfield>
  </datafield>
  <datafield tag="610" ind1="1" ind2="7">
    <subfield code="a">Indiana.</subfield>
    <subfield code="b">Department of Public Welfare.</subfield>
    <subfield code="2">fast</subfield>
    <subfield code="0">(OCoLC)fst01825979</subfield>
  </datafield>
  <datafield tag="650" ind1=" " ind2="0">
    <subfield code="a">Public welfare</subfield>
    <subfield code="z">Indiana</subfield>
    <subfield code="v">Periodicals.</subfield>
  </datafield>
  <datafield tag="650" ind1=" " ind2="7">
    <subfield code="a">Public welfare.</subfield>
    <subfield code="2">fast</subfield>
    <subfield code="0">(OCoLC)fst01083250</subfield>
  </datafield>
  <datafield tag="651" ind1=" " ind2="7">
    <subfield code="a">Indiana.</subfield>
    <subfield code="2">fast</subfield>
    <subfield code="0">(OCoLC)fst01204604</subfield>
  </datafield>
  <datafield tag="655" ind1=" " ind2="7">
    <subfield code="a">Periodicals.</subfield>
    <subfield code="2">fast</subfield>
    <subfield code="0">(OCoLC)fst01411641</subfield>
  </datafield>
  <datafield tag="710" ind1="1" ind2=" ">
    <subfield code="a">Indiana.</subfield>
    <subfield code="b">Division of Supervision of State Institutions.</subfield>
  </datafield>
  <datafield tag="776" ind1="0" ind2="8">
    <subfield code="i">Online version:</subfield>
    <subfield code="a">Indiana. Department of Public Welfare.</subfield>
    <subfield code="t">Annual report</subfield>
    <subfield code="w">(OCoLC)1134563614</subfield>
  </datafield>
  <datafield tag="777" ind1="1" ind2=" ">
    <subfield code="t">Year book of the State of Indiana for the year ...</subfield>
    <subfield code="w">(DLC)   18027266</subfield>
    <subfield code="w">(OCoLC)11801547</subfield>
  </datafield>
  <datafield tag="780" ind1="0" ind2="0">
    <subfield code="a">Indiana. Board of State Charities.</subfield>
    <subfield code="t">Annual report of the Board of State Charities of Indiana</subfield>
    <subfield code="w">(DLC)   91651535</subfield>
    <subfield code="w">(OCoLC)15033275</subfield>
  </datafield>
  <datafield tag="785" ind1="0" ind2="0">
    <subfield code="a">Indiana. Department of Public Welfare.</subfield>
    <subfield code="t">Graphic overview of Indiana&apos;s public welfare programs for fiscal year ...</subfield>
    <subfield code="w">(DLC)   82642200</subfield>
    <subfield code="w">(OCoLC)9372543</subfield>
  </datafield>
  <datafield tag="830" ind1=" " ind2="0">
    <subfield code="a">Indiana bulletin of charities and correction.</subfield>
  </datafield>
  <datafield tag="850" ind1=" " ind2=" ">
    <subfield code="a">DLC</subfield>
    <subfield code="a">InLP</subfield>
    <subfield code="a">InU</subfield>
    <subfield code="a">MH-L</subfield>
    <subfield code="a">N</subfield>
  </datafield>
  <datafield tag="890" ind1=" " ind2=" ">
    <subfield code="a">Indiana.  State Dept. of Public Welfare.  Annual report.</subfield>
    <subfield code="i">09-16177</subfield>
  </datafield>
  <datafield tag="906" ind1=" " ind2=" ">
    <subfield code="a">7</subfield>
    <subfield code="b">cbc</subfield>
    <subfield code="c">serials</subfield>
    <subfield code="d">2</subfield>
    <subfield code="e">ncip</subfield>
    <subfield code="f">19</subfield>
    <subfield code="g">n-oclcserc</subfield>
  </datafield>
  <datafield tag="920" ind1=" " ind2=" ">
    <subfield code="a">Keep 1</subfield>
  </datafield>
  <datafield tag="991" ind1=" " ind2=" ">
    <subfield code="b">c-GenColl</subfield>
    <subfield code="h">HV86</subfield>
    <subfield code="i">.I6</subfield>
    <subfield code="w">SERIALS</subfield>
  </datafield>
  <datafield tag="992" ind1=" " ind2=" ">
    <subfield code="b">SER</subfield>
    <subfield code="w">SERLOC</subfield>
  </datafield>
</record>