
<record>
  <leader>03279cas a2200709 a 4500</leader>
  <controlfield tag="001">11141574</controlfield>
  <controlfield tag="005">20200104075648.0</controlfield>
  <controlfield tag="008">751019d19472019nyumx p       0   a0eng c</controlfield>
  <datafield tag="010" ind1=" " ind2=" ">
    <subfield code="a">   43038424 </subfield>
  </datafield>
  <datafield tag="016" ind1="7" ind2=" ">
    <subfield code="a">010501774</subfield>
    <subfield code="2">Uk</subfield>
  </datafield>
  <datafield tag="022" ind1="0" ind2=" ">
    <subfield code="a">0039-1867</subfield>
    <subfield code="l">0039-1867</subfield>
    <subfield code="2">1</subfield>
  </datafield>
  <datafield tag="032" ind1=" " ind2=" ">
    <subfield code="a">522540</subfield>
    <subfield code="b">USPS</subfield>
  </datafield>
  <datafield tag="035" ind1=" " ind2=" ">
    <subfield code="a">(OCoLC)ocm01714651 </subfield>
  </datafield>
  <datafield tag="040" ind1=" " ind2=" ">
    <subfield code="a">MUL</subfield>
    <subfield code="b">eng</subfield>
    <subfield code="c">MUL</subfield>
    <subfield code="d">COO</subfield>
    <subfield code="d">NSD</subfield>
    <subfield code="d">DLC</subfield>
    <subfield code="d">AIP</subfield>
    <subfield code="d">NSD</subfield>
    <subfield code="d">IUL</subfield>
    <subfield code="d">NST</subfield>
    <subfield code="d">DLC</subfield>
    <subfield code="d">WAU</subfield>
    <subfield code="d">GUA</subfield>
    <subfield code="d">OCLCQ</subfield>
    <subfield code="d">CDS</subfield>
    <subfield code="d">LVB</subfield>
    <subfield code="d">ZCU</subfield>
    <subfield code="d">OCLCQ</subfield>
    <subfield code="d">MOF</subfield>
    <subfield code="d">COD</subfield>
    <subfield code="d">OCLCQ</subfield>
    <subfield code="d">OCLCF</subfield>
    <subfield code="d">CUV</subfield>
    <subfield code="d">OCLCO</subfield>
    <subfield code="d">GUA</subfield>
    <subfield code="d">GILDS</subfield>
    <subfield code="d">UKMGB</subfield>
    <subfield code="d">AU@</subfield>
    <subfield code="d">OCLCO</subfield>
    <subfield code="d">CPO</subfield>
    <subfield code="d">OCLCO</subfield>
    <subfield code="d">CBA</subfield>
    <subfield code="d">OCLCO</subfield>
    <subfield code="d">OCL</subfield>
    <subfield code="d">UMC</subfield>
  </datafield>
  <datafield tag="042" ind1=" " ind2=" ">
    <subfield code="a">pcc</subfield>
    <subfield code="a">nsdp</subfield>
  </datafield>
  <datafield tag="043" ind1=" " ind2=" ">
    <subfield code="a">n-us---</subfield>
  </datafield>
  <datafield tag="050" ind1="0" ind2="0">
    <subfield code="a">HD9951</subfield>
    <subfield code="b">.N36</subfield>
  </datafield>
  <datafield tag="082" ind1="0" ind2="0">
    <subfield code="a">658.97706273</subfield>
  </datafield>
  <datafield tag="210" ind1="0" ind2=" ">
    <subfield code="a">Stores</subfield>
  </datafield>
  <datafield tag="222" ind1=" " ind2="0">
    <subfield code="a">Stores</subfield>
  </datafield>
  <datafield tag="245" ind1="0" ind2="0">
    <subfield code="a">Stores :</subfield>
    <subfield code="b">the bulletin of the N.R.D.G.A.</subfield>
  </datafield>
  <datafield tag="246" ind1="1" ind2=" ">
    <subfield code="i">Issues for &lt;2010&gt;-March 2014 also have title:</subfield>
    <subfield code="a">NRF stores</subfield>
  </datafield>
  <datafield tag="260" ind1=" " ind2=" ">
    <subfield code="a">New York :</subfield>
    <subfield code="b">National Retail Dry Goods Association,</subfield>
    <subfield code="c">©1947-©2019.</subfield>
  </datafield>
  <datafield tag="260" ind1="2" ind2=" ">
    <subfield code="3">Mar. 1972-May 1990 :</subfield>
    <subfield code="a">New York, N.Y. :</subfield>
    <subfield code="b">National Retail Merchants Association</subfield>
  </datafield>
  <datafield tag="260" ind1="3" ind2=" ">
    <subfield code="3">Apr. 1990-2019 :</subfield>
    <subfield code="a">Washington, D.C. :</subfield>
    <subfield code="b">National Retail Federation</subfield>
  </datafield>
  <datafield tag="300" ind1=" " ind2=" ">
    <subfield code="a">73 volumes :</subfield>
    <subfield code="b">illustrations ;</subfield>
    <subfield code="c">28-31 cm</subfield>
  </datafield>
  <datafield tag="310" ind1=" " ind2=" ">
    <subfield code="a">9 issues per year,</subfield>
    <subfield code="b">2017-</subfield>
  </datafield>
  <datafield tag="321" ind1=" " ind2=" ">
    <subfield code="a">Monthly,</subfield>
    <subfield code="b">1947-2016</subfield>
  </datafield>
  <datafield tag="336" ind1=" " ind2=" ">
    <subfield code="a">text</subfield>
    <subfield code="b">txt</subfield>
    <subfield code="2">rdacontent</subfield>
  </datafield>
  <datafield tag="337" ind1=" " ind2=" ">
    <subfield code="a">unmediated</subfield>
    <subfield code="b">n</subfield>
    <subfield code="2">rdamedia</subfield>
  </datafield>
  <datafield tag="338" ind1=" " ind2=" ">
    <subfield code="a">volume</subfield>
    <subfield code="b">nc</subfield>
    <subfield code="2">rdacarrier</subfield>
  </datafield>
  <datafield tag="362" ind1="0" ind2=" ">
    <subfield code="a">Vol. 29, no. 1 (Jan. 1947)-v. 101, no. 9 (Dec. 2019).</subfield>
  </datafield>
  <datafield tag="500" ind1=" " ind2=" ">
    <subfield code="a">Issues for 2014- have subtitle: The magazine of the NRF.</subfield>
  </datafield>
  <datafield tag="500" ind1=" " ind2=" ">
    <subfield code="a">Title from cover.</subfield>
  </datafield>
  <datafield tag="525" ind1=" " ind2=" ">
    <subfield code="a">Some issues have section 2 with distinctive titles, including: Retail calendar, &lt;Dec. 1996-&gt;, Buying guide, &lt;Nov. 2003-&gt;.</subfield>
  </datafield>
  <datafield tag="550" ind1=" " ind2=" ">
    <subfield code="a">Vols. for Jan. 1947-&lt;Jan. 1958&gt; issued by: National Retail Dry Goods Association; for &lt;Oct. 1975-&gt; by: National Retail Merchants Association; for &lt;Aug. 1996-&gt; by: National Retail Federation.</subfield>
  </datafield>
  <datafield tag="590" ind1=" " ind2=" ">
    <subfield code="a">SERBIB/SERLOC merged record</subfield>
  </datafield>
  <datafield tag="650" ind1=" " ind2="0">
    <subfield code="a">Dry-goods</subfield>
    <subfield code="z">United States</subfield>
    <subfield code="v">Periodicals.</subfield>
  </datafield>
  <datafield tag="650" ind1=" " ind2="0">
    <subfield code="a">Retail trade</subfield>
    <subfield code="z">United States</subfield>
    <subfield code="v">Periodicals.</subfield>
  </datafield>
  <datafield tag="650" ind1=" " ind2="6">
    <subfield code="a">Commerce de détail</subfield>
    <subfield code="z">États-Unis</subfield>
    <subfield code="v">Périodiques.</subfield>
  </datafield>
  <datafield tag="650" ind1=" " ind2="6">
    <subfield code="a">Commerce de détail</subfield>
    <subfield code="v">Périodiques.</subfield>
  </datafield>
  <datafield tag="650" ind1=" " ind2="6">
    <subfield code="a">Magasins</subfield>
    <subfield code="z">États-Unis</subfield>
    <subfield code="v">Périodiques.</subfield>
  </datafield>
  <datafield tag="650" ind1=" " ind2="7">
    <subfield code="a">Dry-goods.</subfield>
    <subfield code="2">fast</subfield>
    <subfield code="0">(OCoLC)fst00899157</subfield>
  </datafield>
  <datafield tag="650" ind1=" " ind2="7">
    <subfield code="a">Retail trade.</subfield>
    <subfield code="2">fast</subfield>
    <subfield code="0">(OCoLC)fst01096067</subfield>
  </datafield>
  <datafield tag="651" ind1=" " ind2="7">
    <subfield code="a">United States.</subfield>
    <subfield code="2">fast</subfield>
    <subfield code="0">(OCoLC)fst01204155</subfield>
  </datafield>
  <datafield tag="655" ind1=" " ind2="7">
    <subfield code="a">Periodicals.</subfield>
    <subfield code="2">lcgft</subfield>
  </datafield>
  <datafield tag="655" ind1=" " ind2="7">
    <subfield code="a">Periodicals.</subfield>
    <subfield code="2">fast</subfield>
    <subfield code="0">(OCoLC)fst01411641</subfield>
  </datafield>
  <datafield tag="710" ind1="2" ind2=" ">
    <subfield code="a">National Retail Dry Goods Association (U.S.)</subfield>
  </datafield>
  <datafield tag="710" ind1="2" ind2=" ">
    <subfield code="a">National Retail Merchants Association.</subfield>
  </datafield>
  <datafield tag="710" ind1="2" ind2=" ">
    <subfield code="a">National Retail Federation (U.S.)</subfield>
  </datafield>
  <datafield tag="776" ind1="0" ind2="8">
    <subfield code="i">Online version:</subfield>
    <subfield code="t">Stores</subfield>
    <subfield code="w">(OCoLC)760081430</subfield>
  </datafield>
  <datafield tag="776" ind1="0" ind2="8">
    <subfield code="i">Microform version:</subfield>
    <subfield code="t">Stores</subfield>
    <subfield code="x">0039-1867</subfield>
    <subfield code="w">(DLC)   43038424</subfield>
    <subfield code="w">(OCoLC)505745614</subfield>
  </datafield>
  <datafield tag="780" ind1="0" ind2="0">
    <subfield code="t">Bulletin (National Retail Dry Goods Association (U.S.))</subfield>
    <subfield code="w">(DLC)   93646352</subfield>
    <subfield code="w">(OCoLC)6553267</subfield>
  </datafield>
  <datafield tag="850" ind1=" " ind2=" ">
    <subfield code="a">DLC</subfield>
    <subfield code="a">IaAS</subfield>
    <subfield code="a">KPT</subfield>
    <subfield code="a">MChB</subfield>
    <subfield code="a">NcRS</subfield>
  </datafield>
  <datafield tag="853" ind1="2" ind2="0">
    <subfield code="8">1</subfield>
    <subfield code="a">v.</subfield>
    <subfield code="b">no.</subfield>
    <subfield code="u">12</subfield>
    <subfield code="v">r</subfield>
    <subfield code="i">(year)</subfield>
    <subfield code="j">(month)</subfield>
    <subfield code="w">m</subfield>
    <subfield code="x">01</subfield>
  </datafield>
  <datafield tag="863" ind1="4" ind2="1">
    <subfield code="8">1.1</subfield>
    <subfield code="a">29</subfield>
    <subfield code="b">1</subfield>
    <subfield code="i">1947</subfield>
    <subfield code="j">01</subfield>
  </datafield>
  <datafield tag="890" ind1=" " ind2=" ">
    <subfield code="a">Stores.  National retail dry goods association.</subfield>
    <subfield code="i">ca29-295</subfield>
  </datafield>
  <datafield tag="906" ind1=" " ind2=" ">
    <subfield code="a">7</subfield>
    <subfield code="b">cbc</subfield>
    <subfield code="c">serials</subfield>
    <subfield code="d">u</subfield>
    <subfield code="e">ncip</subfield>
    <subfield code="f">19</subfield>
    <subfield code="g">n-oclcserc</subfield>
  </datafield>
  <datafield tag="920" ind1=" " ind2=" ">
    <subfield code="a">Keep 2</subfield>
  </datafield>
  <datafield tag="991" ind1=" " ind2=" ">
    <subfield code="b">c-GenColl</subfield>
    <subfield code="h">HD9951</subfield>
    <subfield code="i">.N36</subfield>
    <subfield code="w">SERIALS</subfield>
  </datafield>
  <datafield tag="991" ind1=" " ind2=" ">
    <subfield code="b">c-GenColl</subfield>
    <subfield code="h">HD9951</subfield>
    <subfield code="i">.N36</subfield>
    <subfield code="p">00023568810</subfield>
    <subfield code="t">Copy 1</subfield>
    <subfield code="v">68 1986 * 8888</subfield>
    <subfield code="w">CCF</subfield>
  </datafield>
  <datafield tag="992" ind1=" " ind2=" ">
    <subfield code="b">Unk</subfield>
    <subfield code="w">SERLOC</subfield>
  </datafield>
</record>