
<record>
  <leader>02611cas a2200481 a 4500</leader>
  <controlfield tag="001">11149172</controlfield>
  <controlfield tag="005">20200104075743.0</controlfield>
  <controlfield tag="008">910916d19uu19uuksuuu        s0    0eng  </controlfield>
  <datafield tag="010" ind1=" " ind2=" ">
    <subfield code="a">   55062992 </subfield>
  </datafield>
  <datafield tag="035" ind1=" " ind2=" ">
    <subfield code="a">(OCoLC)ocm24387390 </subfield>
  </datafield>
  <datafield tag="040" ind1=" " ind2=" ">
    <subfield code="a">DLC</subfield>
    <subfield code="b">eng</subfield>
    <subfield code="c">DLC</subfield>
    <subfield code="d">OCL</subfield>
    <subfield code="d">OCLCQ</subfield>
    <subfield code="d">OCLCO</subfield>
    <subfield code="d">OCLCA</subfield>
    <subfield code="d">OCLCF</subfield>
    <subfield code="d">OCL</subfield>
    <subfield code="d">OCLCA</subfield>
  </datafield>
  <datafield tag="042" ind1=" " ind2=" ">
    <subfield code="a">pcc</subfield>
  </datafield>
  <datafield tag="043" ind1=" " ind2=" ">
    <subfield code="a">n-us-ks</subfield>
  </datafield>
  <datafield tag="050" ind1="0" ind2="0">
    <subfield code="a">KFK529</subfield>
    <subfield code="b">.A1974</subfield>
  </datafield>
  <datafield tag="110" ind1="1" ind2=" ">
    <subfield code="a">Kansas.</subfield>
    <subfield code="b">Supreme Court.</subfield>
  </datafield>
  <datafield tag="245" ind1="1" ind2="0">
    <subfield code="a">Rules of the Supreme Court and rules of the State Board of Law Examiners /</subfield>
    <subfield code="c">State of Kansas.</subfield>
  </datafield>
  <datafield tag="246" ind1="3" ind2="0">
    <subfield code="a">Rules of the State Board of Law Examiners</subfield>
  </datafield>
  <datafield tag="246" ind1="3" ind2="0">
    <subfield code="a">Rules of the Supreme Court of Kansas including the State Board of Law Examiners, State Board of Examiners for Court Reporters</subfield>
  </datafield>
  <datafield tag="246" ind1="3" ind2="0">
    <subfield code="a">Rules of the Supreme Court of Kansas including admissions, discipline, and disbarment of attorneys, and State Board of Examiners for Court Reporters</subfield>
  </datafield>
  <datafield tag="260" ind1=" " ind2=" ">
    <subfield code="a">Topeka :</subfield>
    <subfield code="b">State Printer</subfield>
  </datafield>
  <datafield tag="300" ind1=" " ind2=" ">
    <subfield code="a">v. ;</subfield>
    <subfield code="c">22 cm.</subfield>
  </datafield>
  <datafield tag="500" ind1=" " ind2=" ">
    <subfield code="a">Title varies: Rules of the Supreme Court of Kansas including the State Board of Law Examiners, State Board of Examiners for Court Reporters, &lt;1950-1955&gt;; Rules of the Supreme Court of Kansas including admissions, discipline, and disbarment of attorneys, and State Board of Examiners for Court Reporters, &lt;1968-1974&gt;</subfield>
  </datafield>
  <datafield tag="588" ind1=" " ind2=" ">
    <subfield code="a">Description based on: July 8, 1938.</subfield>
  </datafield>
  <datafield tag="588" ind1=" " ind2=" ">
    <subfield code="a">Latest issue consulted: Dec. 1, 1974.</subfield>
  </datafield>
  <datafield tag="590" ind1=" " ind2=" ">
    <subfield code="a">SERBIB/SERLOC merged record</subfield>
  </datafield>
  <datafield tag="650" ind1=" " ind2="0">
    <subfield code="a">Admission to the bar</subfield>
    <subfield code="z">Kansas.</subfield>
  </datafield>
  <datafield tag="650" ind1=" " ind2="0">
    <subfield code="a">Bar examinations</subfield>
    <subfield code="z">Kansas.</subfield>
  </datafield>
  <datafield tag="650" ind1=" " ind2="0">
    <subfield code="a">Law reporting</subfield>
    <subfield code="z">Kansas</subfield>
    <subfield code="x">Examinations.</subfield>
  </datafield>
  <datafield tag="650" ind1=" " ind2="7">
    <subfield code="a">Admission to the bar.</subfield>
    <subfield code="2">fast</subfield>
    <subfield code="0">(OCoLC)fst00796959</subfield>
  </datafield>
  <datafield tag="650" ind1=" " ind2="7">
    <subfield code="a">Bar examinations.</subfield>
    <subfield code="2">fast</subfield>
    <subfield code="0">(OCoLC)fst00827374</subfield>
  </datafield>
  <datafield tag="650" ind1=" " ind2="7">
    <subfield code="a">Law reporting.</subfield>
    <subfield code="2">fast</subfield>
    <subfield code="0">(OCoLC)fst00994095</subfield>
  </datafield>
  <datafield tag="651" ind1=" " ind2="7">
    <subfield code="a">Kansas.</subfield>
    <subfield code="2">fast</subfield>
    <subfield code="0">(OCoLC)fst01204323</subfield>
  </datafield>
  <datafield tag="655" ind1=" " ind2="7">
    <subfield code="a">Examinations.</subfield>
    <subfield code="2">fast</subfield>
    <subfield code="0">(OCoLC)fst01423780</subfield>
  </datafield>
  <datafield tag="710" ind1="1" ind2=" ">
    <subfield code="a">Kansas.</subfield>
    <subfield code="b">State Board of Law Examiners.</subfield>
  </datafield>
  <datafield tag="710" ind1="1" ind2=" ">
    <subfield code="a">Kansas.</subfield>
    <subfield code="b">State Board of Examiners for Court Reporters.</subfield>
  </datafield>
  <datafield tag="776" ind1="0" ind2="8">
    <subfield code="i">Online version:</subfield>
    <subfield code="a">Kansas. Supreme Court.</subfield>
    <subfield code="t">Rules of the Supreme Court and rules of the State Board of Law Examiners</subfield>
    <subfield code="w">(OCoLC)1134562994</subfield>
  </datafield>
  <datafield tag="785" ind1="0" ind2="0">
    <subfield code="a">Kansas. Supreme Court.</subfield>
    <subfield code="t">Reports of rules enacted by the Supreme Court of the State of Kansas</subfield>
    <subfield code="w">(DLC)   91649644</subfield>
    <subfield code="w">(OCoLC)18535095</subfield>
  </datafield>
  <datafield tag="850" ind1=" " ind2=" ">
    <subfield code="a">DLC</subfield>
  </datafield>
  <datafield tag="890" ind1=" " ind2=" ">
    <subfield code="a">Kansas. Supreme Court. Rules of the Supreme Court of Kansas including the State Board of Law Examiners [and] State Board of Examiners for Court Reporters.</subfield>
    <subfield code="i">55-62992</subfield>
  </datafield>
  <datafield tag="906" ind1=" " ind2=" ">
    <subfield code="a">7</subfield>
    <subfield code="b">cbc</subfield>
    <subfield code="c">serials</subfield>
    <subfield code="d">2</subfield>
    <subfield code="e">ncip</subfield>
    <subfield code="f">19</subfield>
    <subfield code="g">n-oclcserc</subfield>
  </datafield>
  <datafield tag="920" ind1=" " ind2=" ">
    <subfield code="a">Keep 1</subfield>
  </datafield>
  <datafield tag="991" ind1=" " ind2=" ">
    <subfield code="b">c-LL</subfield>
    <subfield code="h">KFK529</subfield>
    <subfield code="i">.A1974</subfield>
    <subfield code="w">SERIALS</subfield>
  </datafield>
  <datafield tag="992" ind1=" " ind2=" ">
    <subfield code="b">B/L</subfield>
    <subfield code="w">SERLOC</subfield>
  </datafield>
</record>