
<record>
  <leader>02332cas a2200433   4500</leader>
  <controlfield tag="001">11150882</controlfield>
  <controlfield tag="005">20200104075653.0</controlfield>
  <controlfield tag="008">740516u19uuuuuucauuu     ls s0    0eng  </controlfield>
  <datafield tag="010" ind1=" " ind2=" ">
    <subfield code="a">   57063361 </subfield>
  </datafield>
  <datafield tag="035" ind1=" " ind2=" ">
    <subfield code="a">(OCoLC)ocm01782807 </subfield>
  </datafield>
  <datafield tag="040" ind1=" " ind2=" ">
    <subfield code="a">DLC</subfield>
    <subfield code="b">eng</subfield>
    <subfield code="c">DLC</subfield>
    <subfield code="d">NYG</subfield>
    <subfield code="d">OCLCQ</subfield>
    <subfield code="d">OCLCO</subfield>
    <subfield code="d">OCLCQ</subfield>
    <subfield code="d">OCLCF</subfield>
    <subfield code="d">OCL</subfield>
    <subfield code="d">OCLCQ</subfield>
  </datafield>
  <datafield tag="042" ind1=" " ind2=" ">
    <subfield code="a">pcc</subfield>
  </datafield>
  <datafield tag="043" ind1=" " ind2=" ">
    <subfield code="a">n-us-ca</subfield>
  </datafield>
  <datafield tag="050" ind1="0" ind2="0">
    <subfield code="a">HT393.C3</subfield>
    <subfield code="b">C3a subser</subfield>
    <subfield code="a">UA928.C2</subfield>
  </datafield>
  <datafield tag="082" ind1="0" ind2=" ">
    <subfield code="a">363 s</subfield>
    <subfield code="a">363.3/5/09794</subfield>
  </datafield>
  <datafield tag="110" ind1="1" ind2=" ">
    <subfield code="a">California.</subfield>
    <subfield code="b">Legislature.</subfield>
    <subfield code="b">Assembly.</subfield>
    <subfield code="b">Interim Committee on Conservation, Planning, and Public Works.</subfield>
  </datafield>
  <datafield tag="245" ind1="1" ind2="0">
    <subfield code="a">Report of the Subcommittee on Impact of Enemy Attack on Economy and Constitutional Government of the State of California.</subfield>
  </datafield>
  <datafield tag="260" ind1=" " ind2=" ">
    <subfield code="a">[Sacramento]</subfield>
    <subfield code="b">Assembly of the State of California.</subfield>
  </datafield>
  <datafield tag="300" ind1=" " ind2=" ">
    <subfield code="c">23 cm.</subfield>
  </datafield>
  <datafield tag="336" ind1=" " ind2=" ">
    <subfield code="a">text</subfield>
    <subfield code="b">txt</subfield>
    <subfield code="2">rdacontent</subfield>
  </datafield>
  <datafield tag="337" ind1=" " ind2=" ">
    <subfield code="a">unmediated</subfield>
    <subfield code="b">n</subfield>
    <subfield code="2">rdamedia</subfield>
  </datafield>
  <datafield tag="490" ind1="1" ind2=" ">
    <subfield code="a">Assembly interim committee reports,</subfield>
    <subfield code="v">v. 13</subfield>
  </datafield>
  <datafield tag="590" ind1=" " ind2=" ">
    <subfield code="a">SERBIB/SERLOC merged record</subfield>
  </datafield>
  <datafield tag="651" ind1=" " ind2="0">
    <subfield code="a">California</subfield>
    <subfield code="x">Civil defense.</subfield>
  </datafield>
  <datafield tag="650" ind1=" " ind2="0">
    <subfield code="a">Public records</subfield>
    <subfield code="z">California.</subfield>
  </datafield>
  <datafield tag="651" ind1=" " ind2="0">
    <subfield code="a">California</subfield>
    <subfield code="x">Politics and government.</subfield>
  </datafield>
  <datafield tag="650" ind1=" " ind2="7">
    <subfield code="a">Civil defense.</subfield>
    <subfield code="2">fast</subfield>
    <subfield code="0">(OCoLC)fst00862456</subfield>
  </datafield>
  <datafield tag="650" ind1=" " ind2="7">
    <subfield code="a">Politics and government</subfield>
    <subfield code="2">fast</subfield>
    <subfield code="0">(OCoLC)fst01919741</subfield>
  </datafield>
  <datafield tag="650" ind1=" " ind2="7">
    <subfield code="a">Public records.</subfield>
    <subfield code="2">fast</subfield>
    <subfield code="0">(OCoLC)fst01082850</subfield>
  </datafield>
  <datafield tag="651" ind1=" " ind2="7">
    <subfield code="a">California.</subfield>
    <subfield code="2">fast</subfield>
    <subfield code="0">(OCoLC)fst01204928</subfield>
  </datafield>
  <datafield tag="760" ind1="1" ind2=" ">
    <subfield code="a">California. Legislature. Assembly. Interim Committee on Conservation, Planning and Public Works.</subfield>
    <subfield code="t">Assembly interim committee reports, volume 13</subfield>
  </datafield>
  <datafield tag="776" ind1="0" ind2="8">
    <subfield code="i">Online version:</subfield>
    <subfield code="a">California. Legislature. Assembly. Interim Committee on Conservation, Planning, and Public Works.</subfield>
    <subfield code="t">Report of the Subcommittee on Impact of Enemy Attack on Economy and Constitutional Government of the State of California</subfield>
    <subfield code="w">(OCoLC)1134691485</subfield>
  </datafield>
  <datafield tag="810" ind1="1" ind2=" ">
    <subfield code="a">California.</subfield>
    <subfield code="b">Legislature.</subfield>
    <subfield code="b">Assembly.</subfield>
    <subfield code="b">Interim Committee on Conservation, Planning, and Public Works.</subfield>
    <subfield code="t">Assembly interim committee reports ;</subfield>
    <subfield code="v">v. 13.</subfield>
  </datafield>
  <datafield tag="850" ind1=" " ind2=" ">
    <subfield code="a">N</subfield>
  </datafield>
  <datafield tag="890" ind1=" " ind2=" ">
    <subfield code="a">California. Legislature. Assembly.  Interim Committee on Conservation, Planning and Public Works.  Report of the Subcommittee on Impact of Enemy Attack on Economy and Constitutional Government of the State of California.</subfield>
    <subfield code="i">57-63361</subfield>
  </datafield>
  <datafield tag="906" ind1=" " ind2=" ">
    <subfield code="a">7</subfield>
    <subfield code="b">cbc</subfield>
    <subfield code="c">serials</subfield>
    <subfield code="d">3</subfield>
    <subfield code="e">ncip</subfield>
    <subfield code="f">19</subfield>
    <subfield code="g">n-oclcserc</subfield>
  </datafield>
  <datafield tag="920" ind1=" " ind2=" ">
    <subfield code="a">Keep 1</subfield>
  </datafield>
  <datafield tag="991" ind1=" " ind2=" ">
    <subfield code="b">c-GenColl</subfield>
    <subfield code="h">HT393.C3</subfield>
    <subfield code="i">C3a subser</subfield>
    <subfield code="w">SERIALS</subfield>
  </datafield>
  <datafield tag="992" ind1=" " ind2=" ">
    <subfield code="b">call x7-5305</subfield>
    <subfield code="w">SERLOC</subfield>
  </datafield>
</record>