
<record>
  <leader>02363cas a2200553 a 4500</leader>
  <controlfield tag="001">11166008</controlfield>
  <controlfield tag="005">20200104075715.0</controlfield>
  <controlfield tag="008">791001c19uu9999sg ar    s   f0   b0fre  </controlfield>
  <datafield tag="010" ind1=" " ind2=" ">
    <subfield code="a">   72626150 </subfield>
  </datafield>
  <datafield tag="035" ind1=" " ind2=" ">
    <subfield code="a">(OCoLC)ocm05453597 </subfield>
  </datafield>
  <datafield tag="040" ind1=" " ind2=" ">
    <subfield code="a">AGL</subfield>
    <subfield code="b">eng</subfield>
    <subfield code="c">AGL</subfield>
    <subfield code="d">MUL</subfield>
    <subfield code="d">DLC</subfield>
    <subfield code="d">OCL</subfield>
    <subfield code="d">NST</subfield>
    <subfield code="d">DLC</subfield>
    <subfield code="d">OCL</subfield>
    <subfield code="d">OCLCQ</subfield>
    <subfield code="d">NYDWH</subfield>
    <subfield code="d">IUL</subfield>
    <subfield code="d">OCLCQ</subfield>
    <subfield code="d">OCLCF</subfield>
    <subfield code="d">OCLCO</subfield>
    <subfield code="d">GZM</subfield>
    <subfield code="d">OCLCA</subfield>
    <subfield code="d">OCLCQ</subfield>
  </datafield>
  <datafield tag="042" ind1=" " ind2=" ">
    <subfield code="a">pcc</subfield>
  </datafield>
  <datafield tag="043" ind1=" " ind2=" ">
    <subfield code="a">f-sg---</subfield>
  </datafield>
  <datafield tag="050" ind1="0" ind2="0">
    <subfield code="a">HF268.S45</subfield>
    <subfield code="b">A33</subfield>
  </datafield>
  <datafield tag="070" ind1=" " ind2=" ">
    <subfield code="a">HF266.5.S4</subfield>
  </datafield>
  <datafield tag="072" ind1=" " ind2="0">
    <subfield code="a">9005</subfield>
  </datafield>
  <datafield tag="082" ind1="0" ind2="4">
    <subfield code="a">966.3</subfield>
    <subfield code="b">S4911ex</subfield>
  </datafield>
  <datafield tag="245" ind1="0" ind2="0">
    <subfield code="a">Exportations.</subfield>
    <subfield code="p">Commerce spécial.</subfield>
  </datafield>
  <datafield tag="260" ind1=" " ind2=" ">
    <subfield code="a">Dakar :</subfield>
    <subfield code="b">Ministère des finances et des affaires économiques, Direction de la statistique.</subfield>
  </datafield>
  <datafield tag="310" ind1=" " ind2=" ">
    <subfield code="a">Annual</subfield>
  </datafield>
  <datafield tag="336" ind1=" " ind2=" ">
    <subfield code="a">text</subfield>
    <subfield code="b">txt</subfield>
    <subfield code="2">rdacontent</subfield>
  </datafield>
  <datafield tag="337" ind1=" " ind2=" ">
    <subfield code="a">unmediated</subfield>
    <subfield code="b">n</subfield>
    <subfield code="2">rdamedia</subfield>
  </datafield>
  <datafield tag="500" ind1=" " ind2=" ">
    <subfield code="a">At head of title of volumes for &lt;1969-1973&gt;: Republique du Senegal, Ministere des finances et des affaires economiques, Direction de la statistique; &lt;1977-1978&gt;: Republique du Senegal, Ministere de l&apos;economie et des finances, Direction de la statistique.</subfield>
  </datafield>
  <datafield tag="588" ind1=" " ind2=" ">
    <subfield code="a">Description based on: 1969; title from cover.</subfield>
  </datafield>
  <datafield tag="588" ind1=" " ind2=" ">
    <subfield code="a">Latest issue consulted: 1975.</subfield>
  </datafield>
  <datafield tag="590" ind1=" " ind2=" ">
    <subfield code="a">SERBIB/SERLOC merged record</subfield>
  </datafield>
  <datafield tag="651" ind1=" " ind2="0">
    <subfield code="a">Senegal</subfield>
    <subfield code="x">Commerce</subfield>
    <subfield code="v">Statistics</subfield>
    <subfield code="v">Periodicals.</subfield>
  </datafield>
  <datafield tag="650" ind1=" " ind2="0">
    <subfield code="a">Exports</subfield>
    <subfield code="z">Senegal</subfield>
    <subfield code="v">Statistics</subfield>
    <subfield code="v">Periodicals.</subfield>
  </datafield>
  <datafield tag="650" ind1=" " ind2="0">
    <subfield code="a">Commercial products</subfield>
    <subfield code="z">Senegal</subfield>
    <subfield code="v">Statistics</subfield>
    <subfield code="v">Periodicals.</subfield>
  </datafield>
  <datafield tag="650" ind1=" " ind2="3">
    <subfield code="a">Commercial statistics.</subfield>
  </datafield>
  <datafield tag="651" ind1=" " ind2="3">
    <subfield code="a">Senegal</subfield>
    <subfield code="x">Commerce</subfield>
    <subfield code="v">Periodicals.</subfield>
  </datafield>
  <datafield tag="650" ind1=" " ind2="7">
    <subfield code="a">Commerce.</subfield>
    <subfield code="2">fast</subfield>
    <subfield code="0">(OCoLC)fst00869279</subfield>
  </datafield>
  <datafield tag="650" ind1=" " ind2="7">
    <subfield code="a">Commercial products.</subfield>
    <subfield code="2">fast</subfield>
    <subfield code="0">(OCoLC)fst00869578</subfield>
  </datafield>
  <datafield tag="650" ind1=" " ind2="7">
    <subfield code="a">Exports.</subfield>
    <subfield code="2">fast</subfield>
    <subfield code="0">(OCoLC)fst00918764</subfield>
  </datafield>
  <datafield tag="651" ind1=" " ind2="7">
    <subfield code="a">Senegal.</subfield>
    <subfield code="2">fast</subfield>
    <subfield code="0">(OCoLC)fst01204328</subfield>
  </datafield>
  <datafield tag="650" ind1=" " ind2="7">
    <subfield code="a">Trade, International</subfield>
    <subfield code="z">Senegal.</subfield>
    <subfield code="2">ltcsh</subfield>
  </datafield>
  <datafield tag="650" ind1=" " ind2="7">
    <subfield code="a">FOREIGN TRADE.</subfield>
    <subfield code="2">unbist</subfield>
  </datafield>
  <datafield tag="650" ind1=" " ind2="7">
    <subfield code="a">TRADE STATISTICS.</subfield>
    <subfield code="2">unbist</subfield>
  </datafield>
  <datafield tag="650" ind1=" " ind2="7">
    <subfield code="a">SENEGAL.</subfield>
    <subfield code="2">unbist</subfield>
  </datafield>
  <datafield tag="655" ind1=" " ind2="7">
    <subfield code="a">Periodicals.</subfield>
    <subfield code="2">fast</subfield>
    <subfield code="0">(OCoLC)fst01411641</subfield>
  </datafield>
  <datafield tag="655" ind1=" " ind2="7">
    <subfield code="a">Statistics.</subfield>
    <subfield code="2">fast</subfield>
    <subfield code="0">(OCoLC)fst01423727</subfield>
  </datafield>
  <datafield tag="710" ind1="1" ind2=" ">
    <subfield code="a">Senegal.</subfield>
    <subfield code="b">Direction de la statistique.</subfield>
  </datafield>
  <datafield tag="776" ind1="0" ind2="8">
    <subfield code="i">Online version:</subfield>
    <subfield code="t">Exportations. Commerce spécial</subfield>
    <subfield code="w">(OCoLC)1134608322</subfield>
  </datafield>
  <datafield tag="850" ind1=" " ind2=" ">
    <subfield code="a">CtY-E</subfield>
    <subfield code="a">DLC</subfield>
    <subfield code="a">IEN</subfield>
  </datafield>
  <datafield tag="890" ind1=" " ind2=" ">
    <subfield code="a">Senegal Direction de la statistiques.  Exportations:  Commerce spécial.  Dakar.</subfield>
    <subfield code="i">72-626150</subfield>
  </datafield>
  <datafield tag="906" ind1=" " ind2=" ">
    <subfield code="a">7</subfield>
    <subfield code="b">cbc</subfield>
    <subfield code="c">serials</subfield>
    <subfield code="d">3</subfield>
    <subfield code="e">ncip</subfield>
    <subfield code="f">19</subfield>
    <subfield code="g">n-oclcserc</subfield>
  </datafield>
  <datafield tag="920" ind1=" " ind2=" ">
    <subfield code="a">Keep 1</subfield>
  </datafield>
  <datafield tag="991" ind1=" " ind2=" ">
    <subfield code="b">c-GenColl</subfield>
    <subfield code="h">HF268.S45</subfield>
    <subfield code="i">A33</subfield>
    <subfield code="w">SERIALS</subfield>
  </datafield>
  <datafield tag="992" ind1=" " ind2=" ">
    <subfield code="b">SER</subfield>
    <subfield code="w">SERLOC</subfield>
  </datafield>
</record>