
<record>
  <leader>02111cas a2200469   4500</leader>
  <controlfield tag="001">11171678</controlfield>
  <controlfield tag="005">20200104075654.0</controlfield>
  <controlfield tag="008">740226d19uu1974dcuuu    r   f0   a0eng  </controlfield>
  <datafield tag="010" ind1=" " ind2=" ">
    <subfield code="a">   73644800 </subfield>
  </datafield>
  <datafield tag="022" ind1=" " ind2=" ">
    <subfield code="a">0092-5934</subfield>
    <subfield code="l">0092-5934</subfield>
    <subfield code="2">1</subfield>
  </datafield>
  <datafield tag="035" ind1=" " ind2=" ">
    <subfield code="a">(OCoLC)ocm01787627 </subfield>
  </datafield>
  <datafield tag="037" ind1=" " ind2=" ">
    <subfield code="b">20402</subfield>
  </datafield>
  <datafield tag="040" ind1=" " ind2=" ">
    <subfield code="a">DLC</subfield>
    <subfield code="b">eng</subfield>
    <subfield code="c">DLC</subfield>
    <subfield code="d">OCL</subfield>
    <subfield code="d">GPO</subfield>
    <subfield code="d">NYG</subfield>
    <subfield code="d">IUL</subfield>
    <subfield code="d">OCLCQ</subfield>
    <subfield code="d">OCLCO</subfield>
    <subfield code="d">OCLCF</subfield>
    <subfield code="d">GILDS</subfield>
    <subfield code="d">OCLCQ</subfield>
  </datafield>
  <datafield tag="042" ind1=" " ind2=" ">
    <subfield code="a">pcc</subfield>
    <subfield code="a">nsdp</subfield>
  </datafield>
  <datafield tag="043" ind1=" " ind2=" ">
    <subfield code="a">n-us---</subfield>
  </datafield>
  <datafield tag="050" ind1="0" ind2="0">
    <subfield code="a">KF3165.A3</subfield>
    <subfield code="b">P387</subfield>
  </datafield>
  <datafield tag="082" ind1="0" ind2="0">
    <subfield code="a">346/.73/0486025</subfield>
  </datafield>
  <datafield tag="086" ind1="0" ind2=" ">
    <subfield code="a">C 21.9/2:</subfield>
  </datafield>
  <datafield tag="222" ind1=" " ind2="0">
    <subfield code="a">Attorneys and agents registered to practice before the U.S. Patent Office</subfield>
  </datafield>
  <datafield tag="245" ind1="0" ind2="0">
    <subfield code="a">Attorneys and agents registered to practice before the U.S. Patent Office.</subfield>
  </datafield>
  <datafield tag="260" ind1=" " ind2=" ">
    <subfield code="a">Washington,</subfield>
    <subfield code="b">U.S. Dept. of Commerce, For sale by the Supt. of Docs., U.S. Govt. Print. Off.</subfield>
  </datafield>
  <datafield tag="300" ind1=" " ind2=" ">
    <subfield code="a">volumes</subfield>
    <subfield code="c">26 cm</subfield>
  </datafield>
  <datafield tag="336" ind1=" " ind2=" ">
    <subfield code="a">text</subfield>
    <subfield code="b">txt</subfield>
    <subfield code="2">rdacontent</subfield>
  </datafield>
  <datafield tag="337" ind1=" " ind2=" ">
    <subfield code="a">unmediated</subfield>
    <subfield code="b">n</subfield>
    <subfield code="2">rdamedia</subfield>
  </datafield>
  <datafield tag="338" ind1=" " ind2=" ">
    <subfield code="a">volume</subfield>
    <subfield code="b">nc</subfield>
    <subfield code="2">rdacarrier</subfield>
  </datafield>
  <datafield tag="362" ind1="0" ind2=" ">
    <subfield code="a">-1974.</subfield>
  </datafield>
  <datafield tag="580" ind1=" " ind2=" ">
    <subfield code="a">Continues the Roster of attorneys and agents registered to practice before the U.S. Patent Office issued by the U.S. Patent Office.</subfield>
  </datafield>
  <datafield tag="590" ind1=" " ind2=" ">
    <subfield code="a">SERBIB/SERLOC merged record</subfield>
  </datafield>
  <datafield tag="650" ind1=" " ind2="0">
    <subfield code="a">Patent lawyers</subfield>
    <subfield code="z">United States</subfield>
    <subfield code="v">Directories.</subfield>
  </datafield>
  <datafield tag="650" ind1=" " ind2="7">
    <subfield code="a">Patent lawyers.</subfield>
    <subfield code="2">fast</subfield>
    <subfield code="0">(OCoLC)fst01054832</subfield>
  </datafield>
  <datafield tag="651" ind1=" " ind2="7">
    <subfield code="a">United States.</subfield>
    <subfield code="2">fast</subfield>
    <subfield code="0">(OCoLC)fst01204155</subfield>
  </datafield>
  <datafield tag="655" ind1=" " ind2="7">
    <subfield code="a">Directories.</subfield>
    <subfield code="2">fast</subfield>
    <subfield code="0">(OCoLC)fst01423796</subfield>
  </datafield>
  <datafield tag="655" ind1=" " ind2="7">
    <subfield code="a">Directories.</subfield>
    <subfield code="2">lcgft</subfield>
  </datafield>
  <datafield tag="776" ind1="0" ind2="8">
    <subfield code="i">Online version:</subfield>
    <subfield code="t">Attorneys and agents registered to practice before the U.S. Patent Office</subfield>
    <subfield code="w">(OCoLC)1134544797</subfield>
  </datafield>
  <datafield tag="780" ind1="0" ind2="0">
    <subfield code="t">Roster of attorneys and agents registered to practice before the U.S. Patent Office</subfield>
    <subfield code="w">(DLC)sn 99041600</subfield>
    <subfield code="w">(OCoLC)6546512</subfield>
  </datafield>
  <datafield tag="785" ind1="0" ind2="0">
    <subfield code="t">Attorneys and agents registered to practice before the U.S. Patent and Trademark Office</subfield>
    <subfield code="w">(DLC)   75648024</subfield>
    <subfield code="w">(OCoLC)2246063</subfield>
  </datafield>
  <datafield tag="850" ind1=" " ind2=" ">
    <subfield code="a">N</subfield>
  </datafield>
  <datafield tag="890" ind1=" " ind2=" ">
    <subfield code="a">Attorneys and agents registered to practice before the U.S. Patent Office.  (U.S. Dept. of Commerce)  Washington.</subfield>
    <subfield code="i">73-644800</subfield>
  </datafield>
  <datafield tag="906" ind1=" " ind2=" ">
    <subfield code="a">7</subfield>
    <subfield code="b">cbc</subfield>
    <subfield code="c">serials</subfield>
    <subfield code="d">3</subfield>
    <subfield code="e">ncip</subfield>
    <subfield code="f">19</subfield>
    <subfield code="g">n-oclcserc</subfield>
  </datafield>
  <datafield tag="920" ind1=" " ind2=" ">
    <subfield code="a">Keep 1</subfield>
  </datafield>
  <datafield tag="991" ind1=" " ind2=" ">
    <subfield code="b">c-LL</subfield>
    <subfield code="h">KF3165.A3</subfield>
    <subfield code="i">P387</subfield>
    <subfield code="w">SERIALS</subfield>
  </datafield>
  <datafield tag="992" ind1=" " ind2=" ">
    <subfield code="b">B/L</subfield>
    <subfield code="w">SERLOC</subfield>
  </datafield>
</record>