
<record>
  <leader>02278cas a2200517   4500</leader>
  <controlfield tag="001">11183551</controlfield>
  <controlfield tag="005">20200104075656.0</controlfield>
  <controlfield tag="008">750211c19739999akuar        s0   a0eng  </controlfield>
  <datafield tag="010" ind1=" " ind2=" ">
    <subfield code="a">   74648415 </subfield>
  </datafield>
  <datafield tag="022" ind1=" " ind2=" ">
    <subfield code="a">0095-3415</subfield>
    <subfield code="l">0095-3415</subfield>
    <subfield code="2">1</subfield>
  </datafield>
  <datafield tag="035" ind1=" " ind2=" ">
    <subfield code="a">(OCoLC)ocm01796519 </subfield>
  </datafield>
  <datafield tag="040" ind1=" " ind2=" ">
    <subfield code="a">DLC</subfield>
    <subfield code="b">eng</subfield>
    <subfield code="c">DLC</subfield>
    <subfield code="d">OCL</subfield>
    <subfield code="d">DLC</subfield>
    <subfield code="d">NST</subfield>
    <subfield code="d">HUL</subfield>
    <subfield code="d">OCL</subfield>
    <subfield code="d">OCLCQ</subfield>
    <subfield code="d">DLC</subfield>
    <subfield code="d">OCLCQ</subfield>
    <subfield code="d">OCLCO</subfield>
    <subfield code="d">OCLCQ</subfield>
    <subfield code="d">OCLCA</subfield>
    <subfield code="d">OCLCF</subfield>
    <subfield code="d">OCLCQ</subfield>
  </datafield>
  <datafield tag="042" ind1=" " ind2=" ">
    <subfield code="a">pcc</subfield>
    <subfield code="a">nsdp</subfield>
  </datafield>
  <datafield tag="043" ind1=" " ind2=" ">
    <subfield code="a">n-us-ak</subfield>
  </datafield>
  <datafield tag="050" ind1="0" ind2="0">
    <subfield code="a">HV8691.U5</subfield>
    <subfield code="b">A42a</subfield>
  </datafield>
  <datafield tag="082" ind1="0" ind2="4">
    <subfield code="a">353.9/798/008488</subfield>
  </datafield>
  <datafield tag="110" ind1="1" ind2=" ">
    <subfield code="a">Alaska.</subfield>
    <subfield code="b">Violent Crimes Compensation Board.</subfield>
  </datafield>
  <datafield tag="222" ind1=" " ind2="0">
    <subfield code="a">Annual report - State of Alaska, Violent Crimes Compensation Board</subfield>
  </datafield>
  <datafield tag="245" ind1="1" ind2="0">
    <subfield code="a">Annual report - Violent Crimes Compensation Board.</subfield>
  </datafield>
  <datafield tag="246" ind1="1" ind2="2">
    <subfield code="a">Violent crime can tear you apart</subfield>
    <subfield code="f">1984-</subfield>
  </datafield>
  <datafield tag="260" ind1=" " ind2=" ">
    <subfield code="a">[Juneau],</subfield>
    <subfield code="b">[State of Alaska Violent Crimes Compensation Board]</subfield>
  </datafield>
  <datafield tag="300" ind1=" " ind2=" ">
    <subfield code="a">volumes</subfield>
    <subfield code="b">illustrations</subfield>
    <subfield code="c">22-28 cm</subfield>
  </datafield>
  <datafield tag="336" ind1=" " ind2=" ">
    <subfield code="a">text</subfield>
    <subfield code="b">txt</subfield>
    <subfield code="2">rdacontent</subfield>
  </datafield>
  <datafield tag="337" ind1=" " ind2=" ">
    <subfield code="a">unmediated</subfield>
    <subfield code="b">n</subfield>
    <subfield code="2">rdamedia</subfield>
  </datafield>
  <datafield tag="338" ind1=" " ind2=" ">
    <subfield code="a">volume</subfield>
    <subfield code="b">nc</subfield>
    <subfield code="2">rdacarrier</subfield>
  </datafield>
  <datafield tag="362" ind1="0" ind2=" ">
    <subfield code="a">1st- 1973-</subfield>
  </datafield>
  <datafield tag="515" ind1=" " ind2=" ">
    <subfield code="a">First report covers Jan.-Dec. 1973; later report cover fiscal year ending June 30.</subfield>
  </datafield>
  <datafield tag="525" ind1=" " ind2=" ">
    <subfield code="a">Supplement to 1st report covers period Jan.-June 1974.</subfield>
  </datafield>
  <datafield tag="530" ind1=" " ind2=" ">
    <subfield code="a">Also issued on the internet.</subfield>
  </datafield>
  <datafield tag="590" ind1=" " ind2=" ">
    <subfield code="a">SERBIB/SERLOC merged record</subfield>
  </datafield>
  <datafield tag="650" ind1=" " ind2="0">
    <subfield code="a">Reparation (Criminal justice)</subfield>
    <subfield code="z">Alaska</subfield>
    <subfield code="v">Periodicals.</subfield>
  </datafield>
  <datafield tag="650" ind1=" " ind2="0">
    <subfield code="a">Violent crimes</subfield>
    <subfield code="z">Alaska</subfield>
    <subfield code="v">Periodicals.</subfield>
  </datafield>
  <datafield tag="650" ind1=" " ind2="7">
    <subfield code="a">Reparation (Criminal justice)</subfield>
    <subfield code="2">fast</subfield>
    <subfield code="0">(OCoLC)fst01431240</subfield>
  </datafield>
  <datafield tag="650" ind1=" " ind2="7">
    <subfield code="a">Violent crimes.</subfield>
    <subfield code="2">fast</subfield>
    <subfield code="0">(OCoLC)fst01167321</subfield>
  </datafield>
  <datafield tag="651" ind1=" " ind2="7">
    <subfield code="a">Alaska.</subfield>
    <subfield code="2">fast</subfield>
    <subfield code="0">(OCoLC)fst01204480</subfield>
  </datafield>
  <datafield tag="655" ind1=" " ind2="7">
    <subfield code="a">Periodicals.</subfield>
    <subfield code="2">fast</subfield>
    <subfield code="0">(OCoLC)fst01411641</subfield>
  </datafield>
  <datafield tag="776" ind1="0" ind2="8">
    <subfield code="i">Online version:</subfield>
    <subfield code="a">Alaska. Violent Crimes Compensation Board.</subfield>
    <subfield code="t">Annual report - Violent Crimes Compensation Board</subfield>
    <subfield code="w">(OCoLC)1134553745</subfield>
  </datafield>
  <datafield tag="850" ind1=" " ind2=" ">
    <subfield code="a">DLC</subfield>
    <subfield code="a">MH-L</subfield>
    <subfield code="a">MiDW-L</subfield>
    <subfield code="a">NN</subfield>
    <subfield code="a">NcD-L</subfield>
  </datafield>
  <datafield tag="859" ind1="4" ind2="1">
    <subfield code="u">http://doa.alaska.gov/vccb/annualReports.html</subfield>
  </datafield>
  <datafield tag="890" ind1=" " ind2=" ">
    <subfield code="a">Alaska. Violent Crimes Compensation Board.  Annual report - Violent Crimes Compensation Board.  1973-  .</subfield>
    <subfield code="i">74-648415</subfield>
  </datafield>
  <datafield tag="906" ind1=" " ind2=" ">
    <subfield code="a">7</subfield>
    <subfield code="b">cbc</subfield>
    <subfield code="c">serials</subfield>
    <subfield code="d">3</subfield>
    <subfield code="e">ncip</subfield>
    <subfield code="f">19</subfield>
    <subfield code="g">n-oclcserc</subfield>
  </datafield>
  <datafield tag="920" ind1=" " ind2=" ">
    <subfield code="a">Keep 1</subfield>
  </datafield>
  <datafield tag="985" ind1=" " ind2=" ">
    <subfield code="e">eserial 200406</subfield>
  </datafield>
  <datafield tag="991" ind1=" " ind2=" ">
    <subfield code="b">c-GenColl</subfield>
    <subfield code="h">HV8691.U5</subfield>
    <subfield code="i">A42a</subfield>
    <subfield code="w">SERIALS</subfield>
  </datafield>
  <datafield tag="991" ind1=" " ind2=" ">
    <subfield code="b">c-GenColl</subfield>
    <subfield code="h">HV8691.U5</subfield>
    <subfield code="i">A42a</subfield>
    <subfield code="p">00022678589</subfield>
    <subfield code="t">Copy 1</subfield>
    <subfield code="v">16-17 1989-90 * 8888</subfield>
    <subfield code="w">CCF</subfield>
  </datafield>
  <datafield tag="992" ind1=" " ind2=" ">
    <subfield code="b">Ser</subfield>
    <subfield code="w">SERLOC</subfield>
  </datafield>
</record>