
<record>
  <leader>04796cas a2200925 a 4500</leader>
  <controlfield tag="001">11234775</controlfield>
  <controlfield tag="005">20200104075713.0</controlfield>
  <controlfield tag="008">790913c19409999nyudr ne      0   a0eng c</controlfield>
  <datafield tag="010" ind1=" " ind2=" ">
    <subfield code="a">sn2001058015</subfield>
    <subfield code="z">sc 80000689 </subfield>
  </datafield>
  <datafield tag="022" ind1="1" ind2=" ">
    <subfield code="a">0278-5587</subfield>
    <subfield code="l">0278-5587</subfield>
    <subfield code="2">1</subfield>
  </datafield>
  <datafield tag="032" ind1=" " ind2=" ">
    <subfield code="a">388760</subfield>
    <subfield code="b">USPS</subfield>
  </datafield>
  <datafield tag="035" ind1=" " ind2=" ">
    <subfield code="a">(OCoLC)ocm05371847 </subfield>
  </datafield>
  <datafield tag="037" ind1=" " ind2=" ">
    <subfield code="b">Newsday, 235 Pinelawn Rd., Melville, N.Y. 11747-4226</subfield>
  </datafield>
  <datafield tag="040" ind1=" " ind2=" ">
    <subfield code="a">YHM</subfield>
    <subfield code="b">eng</subfield>
    <subfield code="c">YHM</subfield>
    <subfield code="d">COO</subfield>
    <subfield code="d">DLC</subfield>
    <subfield code="d">NSD</subfield>
    <subfield code="d">OCL</subfield>
    <subfield code="d">NSD</subfield>
    <subfield code="d">NYG</subfield>
    <subfield code="d">DLC</subfield>
    <subfield code="d">NSD</subfield>
    <subfield code="d">DLC</subfield>
    <subfield code="d">NST</subfield>
    <subfield code="d">DLC</subfield>
    <subfield code="d">YOX</subfield>
    <subfield code="d">CRL</subfield>
    <subfield code="d">NYS</subfield>
    <subfield code="d">CRL</subfield>
    <subfield code="d">NYS</subfield>
    <subfield code="d">NVF</subfield>
    <subfield code="d">NYS</subfield>
    <subfield code="d">DLC</subfield>
    <subfield code="d">NYS</subfield>
    <subfield code="d">DLC</subfield>
    <subfield code="d">ZQP</subfield>
    <subfield code="d">OCLCQ</subfield>
    <subfield code="d">CRL</subfield>
    <subfield code="d">OCLCQ</subfield>
    <subfield code="d">OCLCA</subfield>
    <subfield code="d">OCLCF</subfield>
    <subfield code="d">OCLCO</subfield>
    <subfield code="d">VZT</subfield>
    <subfield code="d">OCLCQ</subfield>
    <subfield code="d">RDF</subfield>
    <subfield code="d">OCLCO</subfield>
    <subfield code="d">DLC</subfield>
    <subfield code="d">YUS</subfield>
  </datafield>
  <datafield tag="042" ind1=" " ind2=" ">
    <subfield code="a">pcc</subfield>
    <subfield code="a">nsdp</subfield>
  </datafield>
  <datafield tag="043" ind1=" " ind2=" ">
    <subfield code="a">n-us-ny</subfield>
  </datafield>
  <datafield tag="050" ind1="0" ind2="0">
    <subfield code="a">Newspaper</subfield>
  </datafield>
  <datafield tag="130" ind1="0" ind2=" ">
    <subfield code="a">Newsday (Nassau edition)</subfield>
  </datafield>
  <datafield tag="222" ind1=" " ind2="0">
    <subfield code="a">Newsday</subfield>
    <subfield code="b">(Nassau edition)</subfield>
  </datafield>
  <datafield tag="245" ind1="1" ind2="0">
    <subfield code="a">Newsday.</subfield>
  </datafield>
  <datafield tag="246" ind1="1" ind2=" ">
    <subfield code="i">Issues for Sunday Apr. 9, 1972- published as:</subfield>
    <subfield code="a">Sunday newsday</subfield>
  </datafield>
  <datafield tag="246" ind1="1" ind2=" ">
    <subfield code="a">Newsday Long Island</subfield>
  </datafield>
  <datafield tag="249" ind1="0" ind2=" ">
    <subfield code="i">ACQUIRE Title:</subfield>
    <subfield code="a">Newsday</subfield>
  </datafield>
  <datafield tag="250" ind1=" " ind2=" ">
    <subfield code="a">Nassau ed.</subfield>
    <subfield code="3">Occasionally called: Long Island ed</subfield>
  </datafield>
  <datafield tag="260" ind1=" " ind2=" ">
    <subfield code="a">Hempstead, L.I., N.Y. :</subfield>
    <subfield code="b">A. Patterson &amp; H.F. Guggenheim,</subfield>
    <subfield code="c">1940-</subfield>
  </datafield>
  <datafield tag="300" ind1=" " ind2=" ">
    <subfield code="a">volumes :</subfield>
    <subfield code="b">illustrations (some color) ;</subfield>
    <subfield code="c">41 cm</subfield>
  </datafield>
  <datafield tag="310" ind1=" " ind2=" ">
    <subfield code="a">Daily,</subfield>
    <subfield code="b">Apr. 9, 1972-</subfield>
  </datafield>
  <datafield tag="321" ind1=" " ind2=" ">
    <subfield code="a">Daily (except Saturday and Sunday),</subfield>
    <subfield code="b">Sept. 3, 1940-Dec. 5, 1942</subfield>
  </datafield>
  <datafield tag="321" ind1=" " ind2=" ">
    <subfield code="a">Daily (except Sunday),</subfield>
    <subfield code="b">Dec. 6, 1942-Apr. 8, 1972</subfield>
  </datafield>
  <datafield tag="336" ind1=" " ind2=" ">
    <subfield code="a">text</subfield>
    <subfield code="b">txt</subfield>
    <subfield code="2">rdacontent</subfield>
  </datafield>
  <datafield tag="337" ind1=" " ind2=" ">
    <subfield code="a">unmediated</subfield>
    <subfield code="b">n</subfield>
    <subfield code="2">rdamedia</subfield>
  </datafield>
  <datafield tag="338" ind1=" " ind2=" ">
    <subfield code="a">volume</subfield>
    <subfield code="b">nc</subfield>
    <subfield code="2">rdacarrier</subfield>
  </datafield>
  <datafield tag="362" ind1="0" ind2=" ">
    <subfield code="a">Vol. 1, no. 1 (Sept. 3, 1940)-</subfield>
  </datafield>
  <datafield tag="500" ind1=" " ind2=" ">
    <subfield code="a">Publisher: Newsday, Inc., &lt;Nov. 14, 2000&gt;-</subfield>
  </datafield>
  <datafield tag="500" ind1=" " ind2=" ">
    <subfield code="a">Published in Hempstead, N.Y., Sept. 3, 1940-May 5, 1947; in Garden City, N.Y., May 6, 1947-Aug. 12, 1979; in Long Island [Melville], N.Y., Aug. 13, 1979-</subfield>
  </datafield>
  <datafield tag="515" ind1=" " ind2=" ">
    <subfield code="a">Published an introductory issue: Vol. 0, no. 0 (Aug 30, 1940), with running title: &quot;What&apos;s in a name&quot; (also known as &quot;Your new newspaper&quot;).</subfield>
  </datafield>
  <datafield tag="530" ind1=" " ind2=" ">
    <subfield code="a">Also issued on microfilm from Bell &amp; Howell Information and Learning, and from the Library of Congress, Photoduplication Service.</subfield>
  </datafield>
  <datafield tag="530" ind1=" " ind2=" ">
    <subfield code="a">Available on the Internet.</subfield>
  </datafield>
  <datafield tag="580" ind1=" " ind2=" ">
    <subfield code="a">Suffolk eds.: Newsday (Bay Shore, N.Y.), 1944-1947, and: Newsday (Hempstead, N.Y. : Suffolk ed.), 1947-</subfield>
  </datafield>
  <datafield tag="580" ind1=" " ind2=" ">
    <subfield code="a">Queens/New York City eds.: Newsday (New York, N.Y.), 1977-1983, and: New York edition newsday, 1983-1995, and: Newsday (Melville, N.Y.), 1995-</subfield>
  </datafield>
  <datafield tag="588" ind1=" " ind2=" ">
    <subfield code="a">Latest issue consulted: Vol. 61, no. 73 (Nov. 14, 2000).</subfield>
  </datafield>
  <datafield tag="592" ind1=" " ind2=" ">
    <subfield code="a">ACQN: aq 94007816</subfield>
  </datafield>
  <datafield tag="651" ind1=" " ind2="0">
    <subfield code="a">Hempstead (N.Y.)</subfield>
    <subfield code="v">Newspapers.</subfield>
  </datafield>
  <datafield tag="651" ind1=" " ind2="0">
    <subfield code="a">Garden City (N.Y.)</subfield>
    <subfield code="v">Newspapers.</subfield>
  </datafield>
  <datafield tag="651" ind1=" " ind2="0">
    <subfield code="a">Melville (N.Y.)</subfield>
    <subfield code="v">Newspapers.</subfield>
  </datafield>
  <datafield tag="651" ind1=" " ind2="0">
    <subfield code="a">Nassau County (N.Y.)</subfield>
    <subfield code="v">Newspapers.</subfield>
  </datafield>
  <datafield tag="651" ind1=" " ind2="0">
    <subfield code="a">Suffolk County (N.Y.)</subfield>
    <subfield code="v">Newspapers.</subfield>
  </datafield>
  <datafield tag="651" ind1=" " ind2="0">
    <subfield code="a">New York (N.Y.)</subfield>
    <subfield code="v">Newspapers.</subfield>
  </datafield>
  <datafield tag="651" ind1=" " ind2="7">
    <subfield code="a">New York (State)</subfield>
    <subfield code="z">Garden City.</subfield>
    <subfield code="2">fast</subfield>
    <subfield code="0">(OCoLC)fst01202957</subfield>
  </datafield>
  <datafield tag="651" ind1=" " ind2="7">
    <subfield code="a">New York (State)</subfield>
    <subfield code="z">Hempstead.</subfield>
    <subfield code="2">fast</subfield>
    <subfield code="0">(OCoLC)fst01207201</subfield>
  </datafield>
  <datafield tag="651" ind1=" " ind2="7">
    <subfield code="a">New York (State)</subfield>
    <subfield code="z">Melville.</subfield>
    <subfield code="2">fast</subfield>
    <subfield code="0">(OCoLC)fst01257823</subfield>
  </datafield>
  <datafield tag="651" ind1=" " ind2="7">
    <subfield code="a">New York (State)</subfield>
    <subfield code="z">Nassau County.</subfield>
    <subfield code="2">fast</subfield>
    <subfield code="0">(OCoLC)fst01205518</subfield>
  </datafield>
  <datafield tag="651" ind1=" " ind2="7">
    <subfield code="a">New York (State)</subfield>
    <subfield code="z">New York.</subfield>
    <subfield code="2">fast</subfield>
    <subfield code="0">(OCoLC)fst01204333</subfield>
  </datafield>
  <datafield tag="651" ind1=" " ind2="7">
    <subfield code="a">New York (State)</subfield>
    <subfield code="z">Suffolk County.</subfield>
    <subfield code="2">fast</subfield>
    <subfield code="0">(OCoLC)fst01207260</subfield>
  </datafield>
  <datafield tag="655" ind1=" " ind2="4">
    <subfield code="a">Electronic journals.</subfield>
  </datafield>
  <datafield tag="655" ind1=" " ind2="7">
    <subfield code="a">Newspapers.</subfield>
    <subfield code="2">fast</subfield>
    <subfield code="0">(OCoLC)fst01423814</subfield>
  </datafield>
  <datafield tag="655" ind1=" " ind2="7">
    <subfield code="a">Newspapers.</subfield>
    <subfield code="2">lcgft</subfield>
  </datafield>
  <datafield tag="752" ind1=" " ind2=" ">
    <subfield code="a">United States</subfield>
    <subfield code="b">New York</subfield>
    <subfield code="c">Suffolk</subfield>
    <subfield code="d">Melville.</subfield>
  </datafield>
  <datafield tag="752" ind1=" " ind2=" ">
    <subfield code="a">United States</subfield>
    <subfield code="b">New York</subfield>
    <subfield code="c">Nassau</subfield>
    <subfield code="d">Hempstead.</subfield>
  </datafield>
  <datafield tag="752" ind1=" " ind2=" ">
    <subfield code="a">United States</subfield>
    <subfield code="b">New York</subfield>
    <subfield code="c">Nassau</subfield>
    <subfield code="d">Garden City.</subfield>
  </datafield>
  <datafield tag="752" ind1=" " ind2=" ">
    <subfield code="a">United States</subfield>
    <subfield code="b">New York</subfield>
    <subfield code="d">New York.</subfield>
  </datafield>
  <datafield tag="775" ind1="1" ind2=" ">
    <subfield code="t">Newsday (Bay Shore, N.Y.)</subfield>
    <subfield code="w">(DLC)sn 85042833</subfield>
    <subfield code="w">(OCoLC)12889106</subfield>
  </datafield>
  <datafield tag="775" ind1="1" ind2=" ">
    <subfield code="t">Newsday (Hempstead, N.Y. : Suffolk ed.)</subfield>
    <subfield code="w">(DLC)sn 85042840</subfield>
    <subfield code="w">(OCoLC)12893149</subfield>
  </datafield>
  <datafield tag="775" ind1="1" ind2=" ">
    <subfield code="t">Newsday (New York, N.Y.)</subfield>
    <subfield code="w">(DLC)sn 89070133</subfield>
    <subfield code="w">(OCoLC)20654103</subfield>
  </datafield>
  <datafield tag="775" ind1="1" ind2=" ">
    <subfield code="t">New York edition newsday</subfield>
    <subfield code="x">0889-793X</subfield>
    <subfield code="w">(DLC)sn 86011641</subfield>
    <subfield code="w">(OCoLC)10862536</subfield>
  </datafield>
  <datafield tag="775" ind1="1" ind2=" ">
    <subfield code="t">Newsday (Melville, N.Y.)</subfield>
    <subfield code="w">(DLC)sn 95071321</subfield>
    <subfield code="w">(OCoLC)32880955</subfield>
  </datafield>
  <datafield tag="775" ind1="0" ind2=" ">
    <subfield code="t">Newsday (Hempstead, N.Y. : Hempstead Township ed.)</subfield>
    <subfield code="w">(DLC)sn 85042839</subfield>
    <subfield code="w">(OCoLC)12893103</subfield>
  </datafield>
  <datafield tag="776" ind1="0" ind2="8">
    <subfield code="i">Online version:</subfield>
    <subfield code="t">Newsday (Hempstead, N.Y. : Nassau ed. : Online)</subfield>
    <subfield code="x">2643-9417</subfield>
    <subfield code="w">(DLC)  2019202325</subfield>
    <subfield code="w">(OCoLC)233141837</subfield>
  </datafield>
  <datafield tag="859" ind1="4" ind2="1">
    <subfield code="u">http://www.newsday.com</subfield>
  </datafield>
  <datafield tag="890" ind1=" " ind2=" ">
    <subfield code="a">Newsday (Nassau ed.) [Garden City--Long Island--New York]. [Newspaper--microfilm]</subfield>
    <subfield code="i">sv 97018715</subfield>
  </datafield>
  <datafield tag="906" ind1=" " ind2=" ">
    <subfield code="a">7</subfield>
    <subfield code="b">cbc</subfield>
    <subfield code="c">serials</subfield>
    <subfield code="d">u</subfield>
    <subfield code="e">ncip</subfield>
    <subfield code="f">20</subfield>
    <subfield code="g">n-oclcserc</subfield>
  </datafield>
  <datafield tag="920" ind1=" " ind2=" ">
    <subfield code="a">Keep 1</subfield>
  </datafield>
  <datafield tag="925" ind1="0" ind2=" ">
    <subfield code="a">Acquire</subfield>
    <subfield code="b">1 shelf copy</subfield>
    <subfield code="e">microfilm</subfield>
    <subfield code="x">Policy default 05-23-01</subfield>
  </datafield>
  <datafield tag="925" ind1="0" ind2=" ">
    <subfield code="a">Acquire-CIO until microfilm</subfield>
    <subfield code="e">print</subfield>
    <subfield code="x">Policy default 03-11-02</subfield>
  </datafield>
  <datafield tag="955" ind1=" " ind2=" ">
    <subfield code="a">db08 05-16-01; to Ser 05-23-01</subfield>
  </datafield>
  <datafield tag="955" ind1=" " ind2=" ">
    <subfield code="a">to Serial &amp; Gov. Pub. Div. db09 11-17-00</subfield>
  </datafield>
  <datafield tag="984" ind1=" " ind2=" ">
    <subfield code="a">ncf</subfield>
    <subfield code="b">microfilm holdings</subfield>
  </datafield>
  <datafield tag="985" ind1=" " ind2=" ">
    <subfield code="e">eserial 200406</subfield>
  </datafield>
  <datafield tag="991" ind1=" " ind2=" ">
    <subfield code="b">c-Ser</subfield>
    <subfield code="c">call x7-3888</subfield>
    <subfield code="h">Newspaper Microfilm 2463</subfield>
    <subfield code="w">SERIALS</subfield>
  </datafield>
  <datafield tag="992" ind1=" " ind2=" ">
    <subfield code="b">NEWSPAPER DECK</subfield>
    <subfield code="w">ACQUIRE</subfield>
  </datafield>
</record>