
<record>
  <leader>05986cas a2201189   4500</leader>
  <controlfield tag="001">11245492</controlfield>
  <controlfield tag="005">20200104075651.0</controlfield>
  <controlfield tag="008">751101c19519999njubr p       0   a0eng  </controlfield>
  <datafield tag="010" ind1=" " ind2=" ">
    <subfield code="a">sf 81002028 </subfield>
  </datafield>
  <datafield tag="016" ind1="7" ind2=" ">
    <subfield code="a">100955370</subfield>
    <subfield code="2">DNLM</subfield>
  </datafield>
  <datafield tag="022" ind1="0" ind2=" ">
    <subfield code="a">0040-0262</subfield>
    <subfield code="l">0040-0262</subfield>
    <subfield code="2">1</subfield>
  </datafield>
  <datafield tag="030" ind1=" " ind2=" ">
    <subfield code="a">TAXNAP</subfield>
  </datafield>
  <datafield tag="032" ind1=" " ind2=" ">
    <subfield code="a">668650</subfield>
    <subfield code="b">USPS</subfield>
  </datafield>
  <datafield tag="035" ind1=" " ind2=" ">
    <subfield code="a">(OCoLC)ocm01767185 </subfield>
  </datafield>
  <datafield tag="040" ind1=" " ind2=" ">
    <subfield code="a">DLC</subfield>
    <subfield code="b">eng</subfield>
    <subfield code="c">MUL</subfield>
    <subfield code="d">COO</subfield>
    <subfield code="d">YUS</subfield>
    <subfield code="d">NYG</subfield>
    <subfield code="d">DLC</subfield>
    <subfield code="d">OCL</subfield>
    <subfield code="d">NSD</subfield>
    <subfield code="d">SER</subfield>
    <subfield code="d">AIP</subfield>
    <subfield code="d">NSD</subfield>
    <subfield code="d">NST</subfield>
    <subfield code="d">AGL</subfield>
    <subfield code="d">NST</subfield>
    <subfield code="d">DLC</subfield>
    <subfield code="d">AGL</subfield>
    <subfield code="d">NLM</subfield>
    <subfield code="d">OCLCQ</subfield>
    <subfield code="d">HUL</subfield>
    <subfield code="d">CUS</subfield>
    <subfield code="d">NLGGC</subfield>
    <subfield code="d">GUA</subfield>
    <subfield code="d">OCLCQ</subfield>
    <subfield code="d">GUA</subfield>
    <subfield code="d">IAD</subfield>
    <subfield code="d">OCLCF</subfield>
    <subfield code="d">CUV</subfield>
    <subfield code="d">OCLCO</subfield>
    <subfield code="d">OCLCQ</subfield>
    <subfield code="d">NLNAT</subfield>
    <subfield code="d">GILDS</subfield>
    <subfield code="d">NLNAT</subfield>
    <subfield code="d">CUI</subfield>
    <subfield code="d">CGU</subfield>
    <subfield code="d">DLC</subfield>
  </datafield>
  <datafield tag="041" ind1="0" ind2=" ">
    <subfield code="a">eng</subfield>
    <subfield code="a">fre</subfield>
    <subfield code="a">ger</subfield>
  </datafield>
  <datafield tag="042" ind1=" " ind2=" ">
    <subfield code="a">pcc</subfield>
    <subfield code="a">nsdp</subfield>
  </datafield>
  <datafield tag="050" ind1="0" ind2="0">
    <subfield code="a">QK1</subfield>
    <subfield code="b">.T34</subfield>
  </datafield>
  <datafield tag="070" ind1="0" ind2=" ">
    <subfield code="a">450</subfield>
    <subfield code="b">T192</subfield>
  </datafield>
  <datafield tag="072" ind1=" " ind2="0">
    <subfield code="a">F700</subfield>
  </datafield>
  <datafield tag="082" ind1="0" ind2="4">
    <subfield code="a">580.1</subfield>
    <subfield code="b">T235</subfield>
  </datafield>
  <datafield tag="210" ind1="0" ind2=" ">
    <subfield code="a">Taxon</subfield>
  </datafield>
  <datafield tag="222" ind1=" " ind2="0">
    <subfield code="a">Taxon</subfield>
  </datafield>
  <datafield tag="245" ind1="0" ind2="0">
    <subfield code="a">Taxon.</subfield>
  </datafield>
  <datafield tag="260" ind1=" " ind2=" ">
    <subfield code="a">Vienna, Austria</subfield>
    <subfield code="b">International Association for Plant Taxonomy</subfield>
  </datafield>
  <datafield tag="260" ind1="2" ind2=" ">
    <subfield code="a">Bratislava, Slovak Republic</subfield>
    <subfield code="b">International Association for Plant Taxonomy, c/o Institute of Botany, Slovak Academy of Sciences</subfield>
  </datafield>
  <datafield tag="260" ind1="3" ind2=" ">
    <subfield code="3">&lt;2019-&gt;:</subfield>
    <subfield code="a">[Hoboken, NJ] :</subfield>
    <subfield code="b">John Wiley &amp; Sons Ltd.</subfield>
  </datafield>
  <datafield tag="300" ind1=" " ind2=" ">
    <subfield code="a">volumes</subfield>
    <subfield code="c">24 cm</subfield>
  </datafield>
  <datafield tag="310" ind1=" " ind2=" ">
    <subfield code="a">Bimonthly,</subfield>
    <subfield code="b">2010-</subfield>
  </datafield>
  <datafield tag="321" ind1=" " ind2=" ">
    <subfield code="a">Quarterly,</subfield>
    <subfield code="b">1951-2009</subfield>
  </datafield>
  <datafield tag="336" ind1=" " ind2=" ">
    <subfield code="a">text</subfield>
    <subfield code="b">txt</subfield>
    <subfield code="2">rdacontent</subfield>
  </datafield>
  <datafield tag="337" ind1=" " ind2=" ">
    <subfield code="a">unmediated</subfield>
    <subfield code="b">n</subfield>
    <subfield code="2">rdamedia</subfield>
  </datafield>
  <datafield tag="338" ind1=" " ind2=" ">
    <subfield code="a">volume</subfield>
    <subfield code="b">nc</subfield>
    <subfield code="2">rdacarrier</subfield>
  </datafield>
  <datafield tag="362" ind1="0" ind2=" ">
    <subfield code="a">v. 1- Sept. 1951-</subfield>
  </datafield>
  <datafield tag="500" ind1=" " ind2=" ">
    <subfield code="a">Subtitle varies: Journal of the International Association for Plant Taxonomy, -2001; International journal of taxonomy, phylogeny and evolution, 2002-</subfield>
  </datafield>
  <datafield tag="510" ind1="2" ind2=" ">
    <subfield code="a">Chemical abstracts</subfield>
    <subfield code="x">0009-2258</subfield>
    <subfield code="b">1951-1983</subfield>
  </datafield>
  <datafield tag="525" ind1=" " ind2=" ">
    <subfield code="a">Has supplements called Index to ...</subfield>
  </datafield>
  <datafield tag="546" ind1=" " ind2=" ">
    <subfield code="a">English, French, or German.</subfield>
  </datafield>
  <datafield tag="555" ind1=" " ind2=" ">
    <subfield code="a">Vols. 1-20, 1951-73. 1 v.</subfield>
  </datafield>
  <datafield tag="588" ind1=" " ind2=" ">
    <subfield code="a">Latest issue consulted: Volume 68, Issue 4 (August 2019) (surrogate).</subfield>
  </datafield>
  <datafield tag="590" ind1=" " ind2=" ">
    <subfield code="a">SERBIB/SERLOC merged record</subfield>
  </datafield>
  <datafield tag="650" ind1=" " ind2="0">
    <subfield code="a">Plants</subfield>
    <subfield code="x">Classification</subfield>
    <subfield code="v">Periodicals.</subfield>
  </datafield>
  <datafield tag="650" ind1=" " ind2="7">
    <subfield code="a">Plants</subfield>
    <subfield code="x">Classification.</subfield>
    <subfield code="2">fast</subfield>
    <subfield code="0">(OCoLC)fst01065839</subfield>
  </datafield>
  <datafield tag="650" ind1="1" ind2="7">
    <subfield code="a">Planten.</subfield>
    <subfield code="2">gtt</subfield>
  </datafield>
  <datafield tag="650" ind1="1" ind2="7">
    <subfield code="a">Taxonomie.</subfield>
    <subfield code="2">gtt</subfield>
  </datafield>
  <datafield tag="655" ind1=" " ind2="7">
    <subfield code="a">Periodicals.</subfield>
    <subfield code="2">fast</subfield>
    <subfield code="0">(OCoLC)fst01411641</subfield>
  </datafield>
  <datafield tag="655" ind1=" " ind2="7">
    <subfield code="a">Periodicals.</subfield>
    <subfield code="2">lcgft</subfield>
  </datafield>
  <datafield tag="710" ind1="2" ind2=" ">
    <subfield code="a">International Association for Plant Taxonomy.</subfield>
  </datafield>
  <datafield tag="776" ind1="0" ind2="8">
    <subfield code="i">Online version:</subfield>
    <subfield code="t">Taxon (Online)</subfield>
    <subfield code="x">1996-8175</subfield>
    <subfield code="w">(DLC)  2005236981</subfield>
    <subfield code="w">(OCoLC)50168044</subfield>
  </datafield>
  <datafield tag="776" ind1="0" ind2="8">
    <subfield code="i">Online version:</subfield>
    <subfield code="t">Taxon</subfield>
    <subfield code="w">(OCoLC)992747725</subfield>
  </datafield>
  <datafield tag="850" ind1=" " ind2=" ">
    <subfield code="a">CU-Riv</subfield>
    <subfield code="a">CU-RivA</subfield>
    <subfield code="a">DLC</subfield>
    <subfield code="a">DNAL</subfield>
    <subfield code="a">MnSU</subfield>
    <subfield code="a">TxHR</subfield>
  </datafield>
  <datafield tag="859" ind1="4" ind2="1">
    <subfield code="u">https://onlinelibrary.wiley.com/journal/19968175</subfield>
  </datafield>
  <datafield tag="859" ind1="4" ind2="1">
    <subfield code="u">http://www.jstor.org/journals/00400262.html</subfield>
  </datafield>
  <datafield tag="853" ind1="1" ind2="2">
    <subfield code="8">1</subfield>
    <subfield code="a">v.</subfield>
    <subfield code="b">*</subfield>
    <subfield code="u">6</subfield>
    <subfield code="v">r</subfield>
    <subfield code="i">(year)</subfield>
    <subfield code="j">(month)</subfield>
    <subfield code="w">b</subfield>
    <subfield code="x">02</subfield>
  </datafield>
  <datafield tag="863" ind1="4" ind2="1">
    <subfield code="8">1.1</subfield>
    <subfield code="a">59</subfield>
    <subfield code="b">1</subfield>
    <subfield code="i">2010</subfield>
    <subfield code="j">02</subfield>
  </datafield>
  <datafield tag="890" ind1=" " ind2=" ">
    <subfield code="a">Taxon.  (International Association for Plant Taxonomy)  Utrecht.</subfield>
    <subfield code="i">81-2028</subfield>
  </datafield>
  <datafield tag="906" ind1=" " ind2=" ">
    <subfield code="a">7</subfield>
    <subfield code="b">cbc</subfield>
    <subfield code="c">serials</subfield>
    <subfield code="d">3</subfield>
    <subfield code="e">ncip</subfield>
    <subfield code="f">19</subfield>
    <subfield code="g">n-oclcserc</subfield>
  </datafield>
  <datafield tag="920" ind1=" " ind2=" ">
    <subfield code="a">Keep 1</subfield>
  </datafield>
  <datafield tag="955" ind1=" " ind2=" ">
    <subfield code="a">xf24 2019-12-23 Updated for ISSN transfer project</subfield>
  </datafield>
  <datafield tag="984" ind1=" " ind2=" ">
    <subfield code="a">srvf</subfield>
  </datafield>
  <datafield tag="991" ind1=" " ind2=" ">
    <subfield code="b">c-GenColl</subfield>
    <subfield code="h">QK1</subfield>
    <subfield code="i">.T34</subfield>
    <subfield code="w">SERIALS</subfield>
  </datafield>
  <datafield tag="991" ind1=" " ind2=" ">
    <subfield code="b">c-GenColl</subfield>
    <subfield code="h">QK1</subfield>
    <subfield code="i">.T34</subfield>
    <subfield code="p">00053248275</subfield>
    <subfield code="t">Copy 1</subfield>
    <subfield code="v">1-30 INDEX PERSONAL NAMES * 19</subfield>
    <subfield code="w">CCF</subfield>
  </datafield>
  <datafield tag="991" ind1=" " ind2=" ">
    <subfield code="b">c-GenColl</subfield>
    <subfield code="h">QK1</subfield>
    <subfield code="i">.T34</subfield>
    <subfield code="p">00053248184</subfield>
    <subfield code="t">Copy 1</subfield>
    <subfield code="v">11:8 * 1962 :Oct.</subfield>
    <subfield code="w">CCF</subfield>
  </datafield>
  <datafield tag="991" ind1=" " ind2=" ">
    <subfield code="b">c-GenColl</subfield>
    <subfield code="h">QK1</subfield>
    <subfield code="i">.T34</subfield>
    <subfield code="p">00053248226</subfield>
    <subfield code="t">Copy 1</subfield>
    <subfield code="v">12:5 * 1963 :June</subfield>
    <subfield code="w">CCF</subfield>
  </datafield>
  <datafield tag="991" ind1=" " ind2=" ">
    <subfield code="b">c-GenColl</subfield>
    <subfield code="h">QK1</subfield>
    <subfield code="i">.T34</subfield>
    <subfield code="p">00053248330</subfield>
    <subfield code="t">Copy 1</subfield>
    <subfield code="v">14-15 * 1965 -66</subfield>
    <subfield code="w">CCF</subfield>
  </datafield>
  <datafield tag="991" ind1=" " ind2=" ">
    <subfield code="b">c-GenColl</subfield>
    <subfield code="h">QK1</subfield>
    <subfield code="i">.T34</subfield>
    <subfield code="p">00053250403</subfield>
    <subfield code="t">Copy 1</subfield>
    <subfield code="v">16 * 1967</subfield>
    <subfield code="w">CCF</subfield>
  </datafield>
  <datafield tag="991" ind1=" " ind2=" ">
    <subfield code="b">c-GenColl</subfield>
    <subfield code="h">QK1</subfield>
    <subfield code="i">.T34</subfield>
    <subfield code="p">00053250774</subfield>
    <subfield code="t">Copy 1</subfield>
    <subfield code="v">17 * 1968</subfield>
    <subfield code="w">CCF</subfield>
  </datafield>
  <datafield tag="991" ind1=" " ind2=" ">
    <subfield code="b">c-GenColl</subfield>
    <subfield code="h">QK1</subfield>
    <subfield code="i">.T34</subfield>
    <subfield code="p">00053250695</subfield>
    <subfield code="t">Copy 1</subfield>
    <subfield code="v">18 * 1969</subfield>
    <subfield code="w">CCF</subfield>
  </datafield>
  <datafield tag="991" ind1=" " ind2=" ">
    <subfield code="b">c-GenColl</subfield>
    <subfield code="h">QK1</subfield>
    <subfield code="i">.T34</subfield>
    <subfield code="p">00053250737</subfield>
    <subfield code="t">Copy 1</subfield>
    <subfield code="v">19 * 1970</subfield>
    <subfield code="w">CCF</subfield>
  </datafield>
  <datafield tag="991" ind1=" " ind2=" ">
    <subfield code="b">c-GenColl</subfield>
    <subfield code="h">QK1</subfield>
    <subfield code="i">.T34</subfield>
    <subfield code="p">00053248305</subfield>
    <subfield code="t">Copy 1</subfield>
    <subfield code="v">2:3 * 1953 :MAY</subfield>
    <subfield code="w">CCF</subfield>
  </datafield>
  <datafield tag="991" ind1=" " ind2=" ">
    <subfield code="b">c-GenColl</subfield>
    <subfield code="h">QK1</subfield>
    <subfield code="i">.T34</subfield>
    <subfield code="p">00053250610</subfield>
    <subfield code="t">Copy 1</subfield>
    <subfield code="v">20 * 1971</subfield>
    <subfield code="w">CCF</subfield>
  </datafield>
  <datafield tag="991" ind1=" " ind2=" ">
    <subfield code="b">c-GenColl</subfield>
    <subfield code="h">QK1</subfield>
    <subfield code="i">.T34</subfield>
    <subfield code="p">00053250658</subfield>
    <subfield code="t">Copy 1</subfield>
    <subfield code="v">21 * 1972 :FEB-NOV</subfield>
    <subfield code="w">CCF</subfield>
  </datafield>
  <datafield tag="991" ind1=" " ind2=" ">
    <subfield code="b">c-GenColl</subfield>
    <subfield code="h">QK1</subfield>
    <subfield code="i">.T34</subfield>
    <subfield code="p">00053248317</subfield>
    <subfield code="t">Copy 1</subfield>
    <subfield code="v">21-30 AUTH. &amp; SUBJ. INDEX * 19</subfield>
    <subfield code="w">CCF</subfield>
  </datafield>
  <datafield tag="991" ind1=" " ind2=" ">
    <subfield code="b">c-GenColl</subfield>
    <subfield code="h">QK1</subfield>
    <subfield code="i">.T34</subfield>
    <subfield code="p">00053250531</subfield>
    <subfield code="t">Copy 1</subfield>
    <subfield code="v">22 * 1973</subfield>
    <subfield code="w">CCF</subfield>
  </datafield>
  <datafield tag="991" ind1=" " ind2=" ">
    <subfield code="b">c-GenColl</subfield>
    <subfield code="h">QK1</subfield>
    <subfield code="i">.T34</subfield>
    <subfield code="p">00053250579</subfield>
    <subfield code="t">Copy 1</subfield>
    <subfield code="v">23 * 1974</subfield>
    <subfield code="w">CCF</subfield>
  </datafield>
  <datafield tag="991" ind1=" " ind2=" ">
    <subfield code="b">c-GenColl</subfield>
    <subfield code="h">QK1</subfield>
    <subfield code="i">.T34</subfield>
    <subfield code="p">0005325049A</subfield>
    <subfield code="t">Copy 1</subfield>
    <subfield code="v">24 * 1975</subfield>
    <subfield code="w">CCF</subfield>
  </datafield>
  <datafield tag="991" ind1=" " ind2=" ">
    <subfield code="b">c-GenColl</subfield>
    <subfield code="h">QK1</subfield>
    <subfield code="i">.T34</subfield>
    <subfield code="p">00053250415</subfield>
    <subfield code="t">Copy 1</subfield>
    <subfield code="v">25 * 1976</subfield>
    <subfield code="w">CCF</subfield>
  </datafield>
  <datafield tag="991" ind1=" " ind2=" ">
    <subfield code="b">c-GenColl</subfield>
    <subfield code="h">QK1</subfield>
    <subfield code="i">.T34</subfield>
    <subfield code="p">00053250452</subfield>
    <subfield code="t">Copy 1</subfield>
    <subfield code="v">26 * 1977</subfield>
    <subfield code="w">CCF</subfield>
  </datafield>
  <datafield tag="991" ind1=" " ind2=" ">
    <subfield code="b">c-GenColl</subfield>
    <subfield code="h">QK1</subfield>
    <subfield code="i">.T34</subfield>
    <subfield code="p">00053250440</subfield>
    <subfield code="t">Copy 1</subfield>
    <subfield code="v">27 * 1978</subfield>
    <subfield code="w">CCF</subfield>
  </datafield>
  <datafield tag="991" ind1=" " ind2=" ">
    <subfield code="b">c-GenColl</subfield>
    <subfield code="h">QK1</subfield>
    <subfield code="i">.T34</subfield>
    <subfield code="p">00053250488</subfield>
    <subfield code="t">Copy 1</subfield>
    <subfield code="v">28 * 1979</subfield>
    <subfield code="w">CCF</subfield>
  </datafield>
  <datafield tag="991" ind1=" " ind2=" ">
    <subfield code="b">c-GenColl</subfield>
    <subfield code="h">QK1</subfield>
    <subfield code="i">.T34</subfield>
    <subfield code="p">00053248354</subfield>
    <subfield code="t">Copy 1</subfield>
    <subfield code="v">29 * 1980</subfield>
    <subfield code="w">CCF</subfield>
  </datafield>
  <datafield tag="991" ind1=" " ind2=" ">
    <subfield code="b">c-GenColl</subfield>
    <subfield code="h">QK1</subfield>
    <subfield code="i">.T34</subfield>
    <subfield code="p">00053248238</subfield>
    <subfield code="t">Copy 1</subfield>
    <subfield code="v">29-31 INDEX TO SCIENTIFIC NAME</subfield>
    <subfield code="w">CCF</subfield>
  </datafield>
  <datafield tag="991" ind1=" " ind2=" ">
    <subfield code="b">c-GenColl</subfield>
    <subfield code="h">QK1</subfield>
    <subfield code="i">.T34</subfield>
    <subfield code="p">00053248391</subfield>
    <subfield code="t">Copy 1</subfield>
    <subfield code="v">30 * 1981</subfield>
    <subfield code="w">CCF</subfield>
  </datafield>
  <datafield tag="991" ind1=" " ind2=" ">
    <subfield code="b">c-GenColl</subfield>
    <subfield code="h">QK1</subfield>
    <subfield code="i">.T34</subfield>
    <subfield code="p">00053248159</subfield>
    <subfield code="t">Copy 1</subfield>
    <subfield code="v">31 * 1982</subfield>
    <subfield code="w">CCF</subfield>
  </datafield>
  <datafield tag="991" ind1=" " ind2=" ">
    <subfield code="b">c-GenColl</subfield>
    <subfield code="h">QK1</subfield>
    <subfield code="i">.T34</subfield>
    <subfield code="p">00053248196</subfield>
    <subfield code="t">Copy 1</subfield>
    <subfield code="v">32 * 1983</subfield>
    <subfield code="w">CCF</subfield>
  </datafield>
  <datafield tag="991" ind1=" " ind2=" ">
    <subfield code="b">c-GenColl</subfield>
    <subfield code="h">QK1</subfield>
    <subfield code="i">.T34</subfield>
    <subfield code="p">00053248032</subfield>
    <subfield code="t">Copy 1</subfield>
    <subfield code="v">33 * 1984</subfield>
    <subfield code="w">CCF</subfield>
  </datafield>
  <datafield tag="991" ind1=" " ind2=" ">
    <subfield code="b">c-GenColl</subfield>
    <subfield code="h">QK1</subfield>
    <subfield code="i">.T34</subfield>
    <subfield code="p">0005324807A</subfield>
    <subfield code="t">Copy 1</subfield>
    <subfield code="v">34 * 1985</subfield>
    <subfield code="w">CCF</subfield>
  </datafield>
  <datafield tag="991" ind1=" " ind2=" ">
    <subfield code="b">c-GenColl</subfield>
    <subfield code="h">QK1</subfield>
    <subfield code="i">.T34</subfield>
    <subfield code="p">00006083900</subfield>
    <subfield code="t">Copy 1</subfield>
    <subfield code="v">35 * 1986</subfield>
    <subfield code="w">CCF</subfield>
  </datafield>
  <datafield tag="991" ind1=" " ind2=" ">
    <subfield code="b">c-GenColl</subfield>
    <subfield code="h">QK1</subfield>
    <subfield code="i">.T34</subfield>
    <subfield code="p">00006083948</subfield>
    <subfield code="t">Copy 1</subfield>
    <subfield code="v">36 * 1987</subfield>
    <subfield code="w">CCF</subfield>
  </datafield>
  <datafield tag="991" ind1=" " ind2=" ">
    <subfield code="b">c-GenColl</subfield>
    <subfield code="h">QK1</subfield>
    <subfield code="i">.T34</subfield>
    <subfield code="p">00053247696</subfield>
    <subfield code="t">Copy 1</subfield>
    <subfield code="v">37 Index(Names) * 1988</subfield>
    <subfield code="w">CCF</subfield>
  </datafield>
  <datafield tag="991" ind1=" " ind2=" ">
    <subfield code="b">c-GenColl</subfield>
    <subfield code="h">QK1</subfield>
    <subfield code="i">.T34</subfield>
    <subfield code="p">00053248111</subfield>
    <subfield code="t">Copy 1</subfield>
    <subfield code="v">38 * 1989</subfield>
    <subfield code="w">CCF</subfield>
  </datafield>
  <datafield tag="991" ind1=" " ind2=" ">
    <subfield code="b">c-GenColl</subfield>
    <subfield code="h">QK1</subfield>
    <subfield code="i">.T34</subfield>
    <subfield code="p">00053247659</subfield>
    <subfield code="t">Copy 1</subfield>
    <subfield code="v">38 Index(Names) * 1989</subfield>
    <subfield code="w">CCF</subfield>
  </datafield>
  <datafield tag="991" ind1=" " ind2=" ">
    <subfield code="b">c-GenColl</subfield>
    <subfield code="h">QK1</subfield>
    <subfield code="i">.T34</subfield>
    <subfield code="p">00053247817</subfield>
    <subfield code="t">Copy 1</subfield>
    <subfield code="v">40 * 1991</subfield>
    <subfield code="w">CCF</subfield>
  </datafield>
  <datafield tag="991" ind1=" " ind2=" ">
    <subfield code="b">c-GenColl</subfield>
    <subfield code="h">QK1</subfield>
    <subfield code="i">.T34</subfield>
    <subfield code="p">00053247854</subfield>
    <subfield code="t">Copy 1</subfield>
    <subfield code="v">41 * 1992</subfield>
    <subfield code="w">CCF</subfield>
  </datafield>
  <datafield tag="991" ind1=" " ind2=" ">
    <subfield code="b">c-GenColl</subfield>
    <subfield code="h">QK1</subfield>
    <subfield code="i">.T34</subfield>
    <subfield code="p">00053247738</subfield>
    <subfield code="t">Copy 1</subfield>
    <subfield code="v">42 * 1993</subfield>
    <subfield code="w">CCF</subfield>
  </datafield>
  <datafield tag="991" ind1=" " ind2=" ">
    <subfield code="b">c-GenColl</subfield>
    <subfield code="h">QK1</subfield>
    <subfield code="i">.T34</subfield>
    <subfield code="p">00053247775</subfield>
    <subfield code="t">Copy 1</subfield>
    <subfield code="v">43 * 1994</subfield>
    <subfield code="w">CCF</subfield>
  </datafield>
  <datafield tag="991" ind1=" " ind2=" ">
    <subfield code="b">c-GenColl</subfield>
    <subfield code="h">QK1</subfield>
    <subfield code="i">.T34</subfield>
    <subfield code="p">00038548463</subfield>
    <subfield code="t">Copy 1</subfield>
    <subfield code="v">44 * 1995 :AUG-NOV</subfield>
    <subfield code="w">CCF</subfield>
  </datafield>
  <datafield tag="991" ind1=" " ind2=" ">
    <subfield code="b">c-GenColl</subfield>
    <subfield code="h">QK1</subfield>
    <subfield code="i">.T34</subfield>
    <subfield code="p">00038548839</subfield>
    <subfield code="t">Copy 1</subfield>
    <subfield code="v">44 * 1995 :FEB-MAY</subfield>
    <subfield code="w">CCF</subfield>
  </datafield>
  <datafield tag="991" ind1=" " ind2=" ">
    <subfield code="b">c-GenColl</subfield>
    <subfield code="h">QK1</subfield>
    <subfield code="i">.T34</subfield>
    <subfield code="p">00054784132</subfield>
    <subfield code="t">Copy 1</subfield>
    <subfield code="v">45:1-3 * 1996</subfield>
    <subfield code="w">CCF</subfield>
  </datafield>
  <datafield tag="991" ind1=" " ind2=" ">
    <subfield code="b">c-GenColl</subfield>
    <subfield code="h">QK1</subfield>
    <subfield code="i">.T34</subfield>
    <subfield code="p">00015218745</subfield>
    <subfield code="t">Copy 1</subfield>
    <subfield code="v">37 * 1988</subfield>
    <subfield code="w">CCF</subfield>
  </datafield>
  <datafield tag="991" ind1=" " ind2=" ">
    <subfield code="b">c-GenColl</subfield>
    <subfield code="h">QK1</subfield>
    <subfield code="i">.T34</subfield>
    <subfield code="p">00018616956</subfield>
    <subfield code="t">Copy 1</subfield>
    <subfield code="v">39 * 1990</subfield>
    <subfield code="w">CCF</subfield>
  </datafield>
  <datafield tag="992" ind1=" " ind2=" ">
    <subfield code="b">SER</subfield>
    <subfield code="w">SERLOC</subfield>
  </datafield>
</record>