
<record>
  <leader>04455cas a2200577 a 4500</leader>
  <controlfield tag="001">11266195</controlfield>
  <controlfield tag="005">20200104075722.0</controlfield>
  <controlfield tag="008">830617d19441944dcuar        f0    0eng c</controlfield>
  <datafield tag="010" ind1=" " ind2=" ">
    <subfield code="a">sf 83007055 </subfield>
  </datafield>
  <datafield tag="035" ind1=" " ind2=" ">
    <subfield code="a">(OCoLC)ocm09619315 </subfield>
  </datafield>
  <datafield tag="040" ind1=" " ind2=" ">
    <subfield code="a">HUL</subfield>
    <subfield code="b">eng</subfield>
    <subfield code="c">HUL</subfield>
    <subfield code="d">DLC</subfield>
    <subfield code="d">NST</subfield>
    <subfield code="d">DLC</subfield>
    <subfield code="d">NST</subfield>
    <subfield code="d">NYG</subfield>
    <subfield code="d">IUL</subfield>
    <subfield code="d">OCLCQ</subfield>
    <subfield code="d">FUG</subfield>
    <subfield code="d">OCLCQ</subfield>
    <subfield code="d">OCLCF</subfield>
    <subfield code="d">OCLCO</subfield>
    <subfield code="d">OCLCQ</subfield>
  </datafield>
  <datafield tag="042" ind1=" " ind2=" ">
    <subfield code="a">pcc</subfield>
  </datafield>
  <datafield tag="043" ind1=" " ind2=" ">
    <subfield code="a">n-us---</subfield>
  </datafield>
  <datafield tag="050" ind1="0" ind2="0">
    <subfield code="a">HV85</subfield>
    <subfield code="b">.A38</subfield>
  </datafield>
  <datafield tag="082" ind1="0" ind2="0">
    <subfield code="a">360.6173</subfield>
  </datafield>
  <datafield tag="086" ind1="0" ind2=" ">
    <subfield code="a">FS 1.1:944</subfield>
  </datafield>
  <datafield tag="110" ind1="1" ind2=" ">
    <subfield code="a">United States.</subfield>
    <subfield code="b">Federal Security Agency.</subfield>
  </datafield>
  <datafield tag="240" ind1="1" ind2="0">
    <subfield code="a">Annual report (1944)</subfield>
  </datafield>
  <datafield tag="245" ind1="1" ind2="0">
    <subfield code="a">Annual report /</subfield>
    <subfield code="c">Federal Security Agency.</subfield>
  </datafield>
  <datafield tag="260" ind1=" " ind2=" ">
    <subfield code="a">Washington, D.C. :</subfield>
    <subfield code="b">U.S. G.P.O. :</subfield>
    <subfield code="b">For sale by the Supt. of Docs., U.S. G.P.O.,</subfield>
    <subfield code="c">[1945]</subfield>
  </datafield>
  <datafield tag="300" ind1=" " ind2=" ">
    <subfield code="a">1 volume ;</subfield>
    <subfield code="c">23 cm</subfield>
  </datafield>
  <datafield tag="310" ind1=" " ind2=" ">
    <subfield code="a">Annual</subfield>
  </datafield>
  <datafield tag="336" ind1=" " ind2=" ">
    <subfield code="a">text</subfield>
    <subfield code="b">txt</subfield>
    <subfield code="2">rdacontent</subfield>
  </datafield>
  <datafield tag="337" ind1=" " ind2=" ">
    <subfield code="a">unmediated</subfield>
    <subfield code="b">n</subfield>
    <subfield code="2">rdamedia</subfield>
  </datafield>
  <datafield tag="338" ind1=" " ind2=" ">
    <subfield code="a">volume</subfield>
    <subfield code="b">nc</subfield>
    <subfield code="2">rdacarrier</subfield>
  </datafield>
  <datafield tag="362" ind1="0" ind2=" ">
    <subfield code="a">1943/44.</subfield>
  </datafield>
  <datafield tag="515" ind1=" " ind2=" ">
    <subfield code="a">Report year ends June 30.</subfield>
  </datafield>
  <datafield tag="520" ind1=" " ind2=" ">
    <subfield code="a">&quot;This publication consists of a title page, [table of] contents, letter of transmittal, foreword, etc. When used in conjunction with the reports of subordinate agencies, issued seperately and listed in the table of contents as sections 1 to 7, it will comprise the complete annual report of the Federal Security Agency&quot;--Important notice from the Superintendent of Documents, stapled into the item.</subfield>
  </datafield>
  <datafield tag="580" ind1=" " ind2=" ">
    <subfield code="a">Includes 7 additional sections published individually; Sect. 1: United States. Food and Drug Administration. Annual report for the fiscal year ... ; Sect. 2: United States. Office of Education. Annual reports of the United States Office of Education for the fiscal years ... ; Sect. 3: United States. Federal Security Agency. Office of Vocational Rehabilitation. Annual report; Sect. 4: United States. Public Health Service. Annual reports of the United States Public Health Service for the fiscal years ... ; Sect. 5: United States. Social Security Board. Annual report; Sect. 6: Saint Elizabeths Hospital (Washington, D.C.). Annual report of the St. Elizabeths Hospital to the Secretary of the Interior; Sect. 7: Annual reports of the American Printing House for the Blind, Columbia Institution for the Deaf, Howard University, Office of Community War Services, Committee on Physical Fitness.</subfield>
  </datafield>
  <datafield tag="610" ind1="1" ind2="0">
    <subfield code="a">United States.</subfield>
    <subfield code="b">Federal Security Agency</subfield>
    <subfield code="v">Periodicals.</subfield>
  </datafield>
  <datafield tag="610" ind1="1" ind2="7">
    <subfield code="a">United States.</subfield>
    <subfield code="b">Federal Security Agency.</subfield>
    <subfield code="2">fast</subfield>
    <subfield code="0">(OCoLC)fst00555317</subfield>
  </datafield>
  <datafield tag="650" ind1=" " ind2="0">
    <subfield code="a">Public welfare</subfield>
    <subfield code="z">United States</subfield>
    <subfield code="v">Periodicals.</subfield>
  </datafield>
  <datafield tag="650" ind1=" " ind2="0">
    <subfield code="a">Social security</subfield>
    <subfield code="z">United States</subfield>
    <subfield code="v">Periodicals.</subfield>
  </datafield>
  <datafield tag="650" ind1=" " ind2="7">
    <subfield code="a">Public welfare.</subfield>
    <subfield code="2">fast</subfield>
    <subfield code="0">(OCoLC)fst01083250</subfield>
  </datafield>
  <datafield tag="650" ind1=" " ind2="7">
    <subfield code="a">Social security.</subfield>
    <subfield code="2">fast</subfield>
    <subfield code="0">(OCoLC)fst01123077</subfield>
  </datafield>
  <datafield tag="651" ind1=" " ind2="7">
    <subfield code="a">United States.</subfield>
    <subfield code="2">fast</subfield>
    <subfield code="0">(OCoLC)fst01204155</subfield>
  </datafield>
  <datafield tag="655" ind1=" " ind2="7">
    <subfield code="a">Periodicals.</subfield>
    <subfield code="2">fast</subfield>
    <subfield code="0">(OCoLC)fst01411641</subfield>
  </datafield>
  <datafield tag="776" ind1="0" ind2="8">
    <subfield code="i">Online version:</subfield>
    <subfield code="a">United States. Federal Security Agency.</subfield>
    <subfield code="t">Annual report (1944)</subfield>
    <subfield code="w">(OCoLC)1134688953</subfield>
  </datafield>
  <datafield tag="780" ind1="0" ind2="0">
    <subfield code="a">United States. Federal Security Agency.</subfield>
    <subfield code="t">Annual reports</subfield>
    <subfield code="w">(DLC)sf 83007054</subfield>
    <subfield code="w">(OCoLC)9619264</subfield>
  </datafield>
  <datafield tag="785" ind1="0" ind2="0">
    <subfield code="a">United States. Federal Security Agency.</subfield>
    <subfield code="t">Annual report of the Federal Security Agency for the fiscal year ...</subfield>
    <subfield code="w">(DLC)   41050231</subfield>
    <subfield code="w">(OCoLC)9629335</subfield>
  </datafield>
  <datafield tag="787" ind1="1" ind2=" ">
    <subfield code="a">United States. Food and Drug Administration.</subfield>
    <subfield code="t">Annual report for the fiscal year ...</subfield>
    <subfield code="w">(DLC)   86655731</subfield>
    <subfield code="w">(OCoLC)10049891</subfield>
  </datafield>
  <datafield tag="787" ind1="1" ind2=" ">
    <subfield code="a">United States. Office of Education.</subfield>
    <subfield code="t">Annual reports of the United States Office of Education for the fiscal years ...</subfield>
    <subfield code="w">(DLC)   99100003</subfield>
    <subfield code="w">(OCoLC)10706933</subfield>
  </datafield>
  <datafield tag="787" ind1="1" ind2=" ">
    <subfield code="a">United States. Federal Security Agency. Office of Vocational Rehabilitation.</subfield>
    <subfield code="t">Annual report</subfield>
    <subfield code="w">(DLC)   45035662</subfield>
    <subfield code="w">(OCoLC)6132128</subfield>
  </datafield>
  <datafield tag="787" ind1="1" ind2=" ">
    <subfield code="a">United States. Public Health Service.</subfield>
    <subfield code="t">Annual reports of the United States Public Health Service for the fiscal years ...</subfield>
    <subfield code="w">(OCoLC)20534144</subfield>
  </datafield>
  <datafield tag="787" ind1="1" ind2=" ">
    <subfield code="a">United States. Social Security Board.</subfield>
    <subfield code="t">Annual report</subfield>
    <subfield code="w">(DLC)   37026151</subfield>
    <subfield code="w">(OCoLC)1645479</subfield>
  </datafield>
  <datafield tag="787" ind1="1" ind2=" ">
    <subfield code="a">Saint Elizabeths Hospital (Washington, D.C.).</subfield>
    <subfield code="t">Annual report of the St. Elizabeths Hospital to the Secretary of the Interior</subfield>
    <subfield code="w">(DLC)sn 89040158</subfield>
    <subfield code="w">(OCoLC)5124084</subfield>
  </datafield>
  <datafield tag="787" ind1="1" ind2=" ">
    <subfield code="t">Annual reports of the American Printing House for the Blind, Columbia Institution for the Deaf, Howard University, Office of Community War Services, Committee on Physical Fitness</subfield>
    <subfield code="w">(DLC)sn 90034108</subfield>
    <subfield code="w">(OCoLC)22254720</subfield>
  </datafield>
  <datafield tag="850" ind1=" " ind2=" ">
    <subfield code="a">DLC</subfield>
    <subfield code="a">MH-PA</subfield>
    <subfield code="a">MnU</subfield>
    <subfield code="a">N</subfield>
    <subfield code="a">ViBlbV</subfield>
  </datafield>
  <datafield tag="906" ind1=" " ind2=" ">
    <subfield code="a">7</subfield>
    <subfield code="b">cbc</subfield>
    <subfield code="c">serials</subfield>
    <subfield code="d">3</subfield>
    <subfield code="e">ncip</subfield>
    <subfield code="f">19</subfield>
    <subfield code="g">n-oclcserc</subfield>
  </datafield>
  <datafield tag="991" ind1=" " ind2=" ">
    <subfield code="b">c-GenColl</subfield>
    <subfield code="h">HV85</subfield>
    <subfield code="i">.A38</subfield>
    <subfield code="w">SERIALS</subfield>
  </datafield>
  <datafield tag="991" ind1=" " ind2=" ">
    <subfield code="b">c-GenColl</subfield>
    <subfield code="h">HV85</subfield>
    <subfield code="i">.A38</subfield>
    <subfield code="p">00057176040</subfield>
    <subfield code="t">Copy 2</subfield>
    <subfield code="v">* 1040 -41</subfield>
    <subfield code="w">CCF</subfield>
  </datafield>
</record>