
<record>
  <leader>01998cas a2200469 a 4500</leader>
  <controlfield tag="001">11270164</controlfield>
  <controlfield tag="005">20200104075721.0</controlfield>
  <controlfield tag="008">830112u19uuuuuuinuuu     s  s0    0eng  </controlfield>
  <datafield tag="010" ind1=" " ind2=" ">
    <subfield code="a">   83640174 </subfield>
  </datafield>
  <datafield tag="035" ind1=" " ind2=" ">
    <subfield code="a">(OCoLC)ocm09122304 </subfield>
  </datafield>
  <datafield tag="040" ind1=" " ind2=" ">
    <subfield code="a">DLC</subfield>
    <subfield code="b">eng</subfield>
    <subfield code="c">DLC</subfield>
    <subfield code="d">NST</subfield>
    <subfield code="d">DLC</subfield>
    <subfield code="d">OCLCQ</subfield>
    <subfield code="d">DLC</subfield>
    <subfield code="d">OCLCQ</subfield>
    <subfield code="d">IUL</subfield>
    <subfield code="d">OCLCQ</subfield>
    <subfield code="d">OCLCO</subfield>
    <subfield code="d">OCLCF</subfield>
    <subfield code="d">OCLCO</subfield>
    <subfield code="d">OCLCA</subfield>
    <subfield code="d">OCLCQ</subfield>
  </datafield>
  <datafield tag="042" ind1=" " ind2=" ">
    <subfield code="a">pcc</subfield>
  </datafield>
  <datafield tag="043" ind1=" " ind2=" ">
    <subfield code="a">n-us-in</subfield>
  </datafield>
  <datafield tag="050" ind1="0" ind2="0">
    <subfield code="a">HD5725.I6</subfield>
    <subfield code="b">P76</subfield>
  </datafield>
  <datafield tag="082" ind1="0" ind2=" ">
    <subfield code="a">331.12/09772/9</subfield>
    <subfield code="2">19</subfield>
  </datafield>
  <datafield tag="245" ind1="0" ind2="0">
    <subfield code="a">Profile of economic region 1.</subfield>
  </datafield>
  <datafield tag="246" ind1="1" ind2="3">
    <subfield code="a">Profile of economic region one</subfield>
  </datafield>
  <datafield tag="246" ind1="1" ind2="3">
    <subfield code="a">Indiana labor market</subfield>
  </datafield>
  <datafield tag="260" ind1=" " ind2=" ">
    <subfield code="a">Indianapolis, Ind. :</subfield>
    <subfield code="b">Indiana Employment Security Division, Research and Statistics Section</subfield>
  </datafield>
  <datafield tag="336" ind1=" " ind2=" ">
    <subfield code="a">text</subfield>
    <subfield code="b">txt</subfield>
    <subfield code="2">rdacontent</subfield>
  </datafield>
  <datafield tag="337" ind1=" " ind2=" ">
    <subfield code="a">unmediated</subfield>
    <subfield code="b">n</subfield>
    <subfield code="2">rdamedia</subfield>
  </datafield>
  <datafield tag="550" ind1=" " ind2=" ">
    <subfield code="a">Volumes for &lt;1978-&gt; prepared by the Research and Statistics Section of the Indiana Employment Security Division; volumes for &lt;1981&gt; by the Occupational Information Unit.</subfield>
  </datafield>
  <datafield tag="588" ind1=" " ind2=" ">
    <subfield code="a">Description based on: 1978 ed.; title from cover.</subfield>
  </datafield>
  <datafield tag="588" ind1=" " ind2=" ">
    <subfield code="a">Latest issue consulted: 1981.</subfield>
  </datafield>
  <datafield tag="590" ind1=" " ind2=" ">
    <subfield code="a">SERBIB/SERLOC merged record</subfield>
  </datafield>
  <datafield tag="650" ind1=" " ind2="0">
    <subfield code="a">Labor market</subfield>
    <subfield code="z">Indiana</subfield>
    <subfield code="v">Periodicals.</subfield>
  </datafield>
  <datafield tag="650" ind1=" " ind2="0">
    <subfield code="a">Job vacancies</subfield>
    <subfield code="z">Indiana</subfield>
    <subfield code="v">Periodicals.</subfield>
  </datafield>
  <datafield tag="650" ind1=" " ind2="0">
    <subfield code="a">Occupations</subfield>
    <subfield code="z">Indiana</subfield>
    <subfield code="v">Periodicals.</subfield>
  </datafield>
  <datafield tag="650" ind1=" " ind2="7">
    <subfield code="a">Job vacancies.</subfield>
    <subfield code="2">fast</subfield>
    <subfield code="0">(OCoLC)fst00983769</subfield>
  </datafield>
  <datafield tag="650" ind1=" " ind2="7">
    <subfield code="a">Labor market.</subfield>
    <subfield code="2">fast</subfield>
    <subfield code="0">(OCoLC)fst00990036</subfield>
  </datafield>
  <datafield tag="650" ind1=" " ind2="7">
    <subfield code="a">Occupations.</subfield>
    <subfield code="2">fast</subfield>
    <subfield code="0">(OCoLC)fst01043384</subfield>
  </datafield>
  <datafield tag="651" ind1=" " ind2="7">
    <subfield code="a">Indiana.</subfield>
    <subfield code="2">fast</subfield>
    <subfield code="0">(OCoLC)fst01204604</subfield>
  </datafield>
  <datafield tag="655" ind1=" " ind2="7">
    <subfield code="a">Periodicals.</subfield>
    <subfield code="2">fast</subfield>
    <subfield code="0">(OCoLC)fst01411641</subfield>
  </datafield>
  <datafield tag="710" ind1="1" ind2=" ">
    <subfield code="a">Indiana.</subfield>
    <subfield code="b">Employment Security Division.</subfield>
    <subfield code="b">Research and Statistics Section.</subfield>
  </datafield>
  <datafield tag="710" ind1="1" ind2=" ">
    <subfield code="a">Indiana.</subfield>
    <subfield code="b">Occupational Information Unit.</subfield>
  </datafield>
  <datafield tag="776" ind1="0" ind2="8">
    <subfield code="i">Online version:</subfield>
    <subfield code="t">Profile of economic region 1.</subfield>
    <subfield code="w">(OCoLC)1134620004</subfield>
  </datafield>
  <datafield tag="850" ind1=" " ind2=" ">
    <subfield code="a">DLC</subfield>
    <subfield code="a">InU</subfield>
  </datafield>
  <datafield tag="890" ind1=" " ind2=" ">
    <subfield code="a">Indiana.  Profile of economic region 1.  Indianapolis, Ind.</subfield>
    <subfield code="i">83-640174</subfield>
  </datafield>
  <datafield tag="906" ind1=" " ind2=" ">
    <subfield code="a">7</subfield>
    <subfield code="b">cbc</subfield>
    <subfield code="c">serials</subfield>
    <subfield code="d">3</subfield>
    <subfield code="e">ncip</subfield>
    <subfield code="f">19</subfield>
    <subfield code="g">n-oclcserc</subfield>
  </datafield>
  <datafield tag="920" ind1=" " ind2=" ">
    <subfield code="a">Keep 1</subfield>
  </datafield>
  <datafield tag="991" ind1=" " ind2=" ">
    <subfield code="b">c-GenColl</subfield>
    <subfield code="h">HD5725.I6</subfield>
    <subfield code="i">P76</subfield>
    <subfield code="w">SERIALS</subfield>
  </datafield>
  <datafield tag="992" ind1=" " ind2=" ">
    <subfield code="b">B/L</subfield>
    <subfield code="w">SERLOC</subfield>
  </datafield>
</record>