
<record>
  <leader>02086cas a2200481 a 4500</leader>
  <controlfield tag="001">11275281</controlfield>
  <controlfield tag="005">20200104075721.0</controlfield>
  <controlfield tag="008">821028c19669999ja ar        f0   d0jpn c</controlfield>
  <datafield tag="010" ind1=" " ind2=" ">
    <subfield code="a">   83645671 </subfield>
    <subfield code="z">sc 82007564 </subfield>
  </datafield>
  <datafield tag="022" ind1=" " ind2=" ">
    <subfield code="a">0386-4294</subfield>
    <subfield code="l">0386-4294</subfield>
  </datafield>
  <datafield tag="035" ind1=" " ind2=" ">
    <subfield code="a">(OCoLC)ocm08899608 </subfield>
  </datafield>
  <datafield tag="037" ind1=" " ind2=" ">
    <subfield code="b">Gunma Daigaku Kyōiku Gakubu, 1375-banchi, Aramaki-chō, Maebashi-shi 371</subfield>
  </datafield>
  <datafield tag="040" ind1=" " ind2=" ">
    <subfield code="a">IUL</subfield>
    <subfield code="b">eng</subfield>
    <subfield code="c">IUL</subfield>
    <subfield code="d">DLC</subfield>
    <subfield code="d">OCL</subfield>
    <subfield code="d">OCLCQ</subfield>
    <subfield code="d">OCLCO</subfield>
    <subfield code="d">OCLCQ</subfield>
  </datafield>
  <datafield tag="042" ind1=" " ind2=" ">
    <subfield code="a">pcc</subfield>
  </datafield>
  <datafield tag="050" ind1="0" ind2="0">
    <subfield code="a">AS552.G8</subfield>
    <subfield code="b">A32 &lt;Orien Japan&gt;</subfield>
  </datafield>
  <datafield tag="066" ind1=" " ind2=" ">
    <subfield code="c">$1</subfield>
  </datafield>
  <datafield tag="245" ind1="0" ind2="0">
    <subfield code="6">880-01</subfield>
    <subfield code="a">Gunma Daigaku Kyōiku Gakubu kiyō.</subfield>
    <subfield code="p">Jinbun shakai kagaku hen.</subfield>
  </datafield>
  <datafield tag="246" ind1="1" ind2="3">
    <subfield code="a">Annual report of the Faculty of Education, Gunma University.</subfield>
    <subfield code="p">Cultural science series</subfield>
  </datafield>
  <datafield tag="260" ind1=" " ind2=" ">
    <subfield code="6">880-02</subfield>
    <subfield code="a">Maebashi-shi :</subfield>
    <subfield code="b">Dō Gakubu,</subfield>
    <subfield code="c">Shōwa 42 [1967]-</subfield>
  </datafield>
  <datafield tag="300" ind1=" " ind2=" ">
    <subfield code="a">volumes :</subfield>
    <subfield code="b">illustrations ;</subfield>
    <subfield code="c">26 cm</subfield>
  </datafield>
  <datafield tag="310" ind1=" " ind2=" ">
    <subfield code="a">Annual</subfield>
  </datafield>
  <datafield tag="336" ind1=" " ind2=" ">
    <subfield code="a">text</subfield>
    <subfield code="b">txt</subfield>
    <subfield code="2">rdacontent</subfield>
  </datafield>
  <datafield tag="337" ind1=" " ind2=" ">
    <subfield code="a">unmediated</subfield>
    <subfield code="b">n</subfield>
    <subfield code="2">rdamedia</subfield>
  </datafield>
  <datafield tag="338" ind1=" " ind2=" ">
    <subfield code="a">volume</subfield>
    <subfield code="b">nc</subfield>
    <subfield code="2">rdacarrier</subfield>
  </datafield>
  <datafield tag="362" ind1="0" ind2=" ">
    <subfield code="6">880-03</subfield>
    <subfield code="a">Dai 16-kan (1966)-</subfield>
  </datafield>
  <datafield tag="500" ind1=" " ind2=" ">
    <subfield code="a">Title from cover.</subfield>
  </datafield>
  <datafield tag="590" ind1=" " ind2=" ">
    <subfield code="a">SERBIB/SERLOC merged record</subfield>
  </datafield>
  <datafield tag="592" ind1=" " ind2=" ">
    <subfield code="a">DISCARD 11/3/98 BY AKIBA.</subfield>
  </datafield>
  <datafield tag="710" ind1="2" ind2=" ">
    <subfield code="6">880-04</subfield>
    <subfield code="a">Gunma Daigaku.</subfield>
    <subfield code="b">Kyōiku Gakubu.</subfield>
  </datafield>
  <datafield tag="776" ind1="0" ind2="8">
    <subfield code="i">Online version:</subfield>
    <subfield code="t">Gunma Daigaku Kyōiku Gakubu kiyō. Jinbun shakai kagaku hen</subfield>
    <subfield code="w">(OCoLC)1134611003</subfield>
  </datafield>
  <datafield tag="780" ind1="0" ind2="0">
    <subfield code="6">880-05</subfield>
    <subfield code="t">Gunma Daigaku kiyō. Jinbun shakai kagaku hen</subfield>
    <subfield code="w">(DLC)   87647319</subfield>
    <subfield code="w">(OCoLC)15105062</subfield>
  </datafield>
  <datafield tag="850" ind1=" " ind2=" ">
    <subfield code="a">DLC</subfield>
    <subfield code="a">InU</subfield>
  </datafield>
  <datafield tag="880" ind1="0" ind2="0">
    <subfield code="6">245-01/$1</subfield>
    <subfield code="a">群馬大学敎育学部紀要.</subfield>
    <subfield code="p">人文・社会科学編.</subfield>
  </datafield>
  <datafield tag="880" ind1=" " ind2=" ">
    <subfield code="6">260-02/$1</subfield>
    <subfield code="a">前橋市 :</subfield>
    <subfield code="b">同学部,</subfield>
    <subfield code="c">昭和42 [1967]-</subfield>
  </datafield>
  <datafield tag="880" ind1="0" ind2=" ">
    <subfield code="6">362-03/$1</subfield>
    <subfield code="a">第16卷 (1966)-</subfield>
  </datafield>
  <datafield tag="880" ind1="2" ind2=" ">
    <subfield code="6">710-04/$1</subfield>
    <subfield code="a">群馬大学.</subfield>
    <subfield code="b">敎育学部.</subfield>
  </datafield>
  <datafield tag="880" ind1="0" ind2="0">
    <subfield code="6">780-05/$1</subfield>
    <subfield code="t">群馬大学紀要. 人文・社会科学編</subfield>
    <subfield code="w">(DLC)   87647319</subfield>
    <subfield code="w">(OCoLC)15105062</subfield>
  </datafield>
  <datafield tag="890" ind1=" " ind2=" ">
    <subfield code="a">Gunma Daigaku Kyōiku Gakubu kiyō.  jinbun kagaku hen Maebashi-shi.</subfield>
    <subfield code="i">83-645671</subfield>
  </datafield>
  <datafield tag="906" ind1=" " ind2=" ">
    <subfield code="a">7</subfield>
    <subfield code="b">cbc</subfield>
    <subfield code="c">serials</subfield>
    <subfield code="d">4</subfield>
    <subfield code="e">ncip</subfield>
    <subfield code="f">19</subfield>
    <subfield code="g">n-oclcserc</subfield>
  </datafield>
  <datafield tag="920" ind1=" " ind2=" ">
    <subfield code="a">Keep 1</subfield>
  </datafield>
  <datafield tag="925" ind1="0" ind2=" ">
    <subfield code="a">Acquire</subfield>
    <subfield code="e">Add no More</subfield>
    <subfield code="x">YA 10-07-02</subfield>
  </datafield>
  <datafield tag="984" ind1=" " ind2=" ">
    <subfield code="a">adsf</subfield>
    <subfield code="d">2007-07-31</subfield>
  </datafield>
  <datafield tag="991" ind1=" " ind2=" ">
    <subfield code="b">c-Asian</subfield>
    <subfield code="h">AS552.G8</subfield>
    <subfield code="i">A32 &lt;Orien Japan&gt;</subfield>
    <subfield code="w">SERIALS</subfield>
  </datafield>
</record>