
<record>
  <leader>03196cas a2200613 a 4500</leader>
  <controlfield tag="001">11280823</controlfield>
  <controlfield tag="005">20200104075724.0</controlfield>
  <controlfield tag="008">840628d18421956maudr ne      0    0eng c</controlfield>
  <datafield tag="010" ind1=" " ind2=" ">
    <subfield code="a">sn 84023564 </subfield>
  </datafield>
  <datafield tag="016" ind1=" " ind2=" ">
    <subfield code="a">(AMICUS)000014265341</subfield>
  </datafield>
  <datafield tag="016" ind1="7" ind2=" ">
    <subfield code="a">013914981</subfield>
    <subfield code="2">Uk</subfield>
  </datafield>
  <datafield tag="035" ind1=" " ind2=" ">
    <subfield code="a">(OCoLC)ocm10897611 </subfield>
  </datafield>
  <datafield tag="040" ind1=" " ind2=" ">
    <subfield code="a">AQM</subfield>
    <subfield code="b">eng</subfield>
    <subfield code="c">AQM</subfield>
    <subfield code="d">NPX</subfield>
    <subfield code="d">DLC</subfield>
    <subfield code="d">NPU</subfield>
    <subfield code="d">NPA</subfield>
    <subfield code="d">MFN</subfield>
    <subfield code="d">MGN</subfield>
    <subfield code="d">NVH</subfield>
    <subfield code="d">KNP</subfield>
    <subfield code="d">MGN</subfield>
    <subfield code="d">CNK</subfield>
    <subfield code="d">NVF</subfield>
    <subfield code="d">CRL</subfield>
    <subfield code="d">OCL</subfield>
    <subfield code="d">CVF</subfield>
    <subfield code="d">NVF</subfield>
    <subfield code="d">KRTAS</subfield>
    <subfield code="d">DLC</subfield>
    <subfield code="d">UKMGB</subfield>
    <subfield code="d">OCLCQ</subfield>
    <subfield code="d">OCLCF</subfield>
    <subfield code="d">OCLCO</subfield>
    <subfield code="d">NLC</subfield>
    <subfield code="d">TYC</subfield>
    <subfield code="d">OCLCQ</subfield>
    <subfield code="d">CRL</subfield>
  </datafield>
  <datafield tag="042" ind1=" " ind2=" ">
    <subfield code="a">pcc</subfield>
  </datafield>
  <datafield tag="043" ind1=" " ind2=" ">
    <subfield code="a">n-us-ma</subfield>
  </datafield>
  <datafield tag="050" ind1="0" ind2="0">
    <subfield code="a">Newspaper</subfield>
  </datafield>
  <datafield tag="130" ind1="0" ind2=" ">
    <subfield code="a">Boston post (Boston, Mass. : Daily)</subfield>
  </datafield>
  <datafield tag="245" ind1="1" ind2="0">
    <subfield code="a">Boston post.</subfield>
  </datafield>
  <datafield tag="246" ind1="1" ind2=" ">
    <subfield code="i">Published on Sundays, Sept. 10, 1893-June 12, 1910 as:</subfield>
    <subfield code="a">Sunday post</subfield>
  </datafield>
  <datafield tag="246" ind1="1" ind2=" ">
    <subfield code="i">Published on Sundays, June 19, 1910-Sept. 30, 1956 as:</subfield>
    <subfield code="a">Boston Sunday post</subfield>
  </datafield>
  <datafield tag="260" ind1=" " ind2=" ">
    <subfield code="a">[Boston, Mass.] :</subfield>
    <subfield code="b">Beals &amp; Greene,</subfield>
    <subfield code="c">1842-1956.</subfield>
  </datafield>
  <datafield tag="300" ind1=" " ind2=" ">
    <subfield code="a">volumes</subfield>
  </datafield>
  <datafield tag="310" ind1=" " ind2=" ">
    <subfield code="a">Daily,</subfield>
    <subfield code="b">Sept. 10, 1893-1956</subfield>
  </datafield>
  <datafield tag="321" ind1=" " ind2=" ">
    <subfield code="a">Daily (except Sunday),</subfield>
    <subfield code="b">1842-Sept. 9, 1893</subfield>
  </datafield>
  <datafield tag="336" ind1=" " ind2=" ">
    <subfield code="a">text</subfield>
    <subfield code="b">txt</subfield>
    <subfield code="2">rdacontent</subfield>
  </datafield>
  <datafield tag="337" ind1=" " ind2=" ">
    <subfield code="a">unmediated</subfield>
    <subfield code="b">n</subfield>
    <subfield code="2">rdamedia</subfield>
  </datafield>
  <datafield tag="338" ind1=" " ind2=" ">
    <subfield code="a">volume</subfield>
    <subfield code="b">nc</subfield>
    <subfield code="2">rdacarrier</subfield>
  </datafield>
  <datafield tag="362" ind1="0" ind2=" ">
    <subfield code="a">Vol. 21, no. 186 (Aug. 9, 1842)-Oct. 4, 1956.</subfield>
  </datafield>
  <datafield tag="530" ind1=" " ind2=" ">
    <subfield code="a">Also issued on microfilm from Graphic Microfilm.</subfield>
  </datafield>
  <datafield tag="580" ind1=" " ind2=" ">
    <subfield code="a">Weekly eds.: Boston statesman (Boston, Mass. : Weekly), 1842-1855, and: Boston statesman and weekly post, 1855-1881, and: Boston weekly post, 1882-&lt;1893&gt;.</subfield>
  </datafield>
  <datafield tag="580" ind1=" " ind2=" ">
    <subfield code="a">Semimonthly ed.: California post.</subfield>
  </datafield>
  <datafield tag="580" ind1=" " ind2=" ">
    <subfield code="a">Semiweekly eds.: Boston press and post, 1842-1881, and: Boston post (Boston, Mass. : Semiweekly), 1881-1886.</subfield>
  </datafield>
  <datafield tag="580" ind1=" " ind2=" ">
    <subfield code="a">Presidential election campaign eds.: Campaign post (Boston, Mass. : 1852), 1852, and: Campaign post (Boston, Mass. : 1856), 1856, and: Campaign post (Boston, Mass. : 1860), 1860.</subfield>
  </datafield>
  <datafield tag="651" ind1=" " ind2="0">
    <subfield code="a">Boston (Mass.)</subfield>
    <subfield code="v">Newspapers.</subfield>
  </datafield>
  <datafield tag="651" ind1=" " ind2="7">
    <subfield code="a">Massachusetts</subfield>
    <subfield code="z">Boston.</subfield>
    <subfield code="2">fast</subfield>
    <subfield code="0">(OCoLC)fst01205012</subfield>
  </datafield>
  <datafield tag="655" ind1=" " ind2="7">
    <subfield code="a">Newspapers.</subfield>
    <subfield code="2">fast</subfield>
    <subfield code="0">(OCoLC)fst01423814</subfield>
  </datafield>
  <datafield tag="752" ind1=" " ind2=" ">
    <subfield code="a">United States</subfield>
    <subfield code="b">Massachusetts</subfield>
    <subfield code="c">Suffolk</subfield>
    <subfield code="d">Boston.</subfield>
  </datafield>
  <datafield tag="775" ind1="1" ind2=" ">
    <subfield code="t">Campaign post (Boston, Mass. : 1852)</subfield>
    <subfield code="w">(DLC)sn 84023122</subfield>
    <subfield code="w">(OCoLC)10747279</subfield>
  </datafield>
  <datafield tag="775" ind1="1" ind2=" ">
    <subfield code="t">Campaign post (Boston, Mass. : 1856)</subfield>
    <subfield code="w">(DLC)sn 85042419</subfield>
    <subfield code="w">(OCoLC)12384025</subfield>
  </datafield>
  <datafield tag="775" ind1="1" ind2=" ">
    <subfield code="t">Campaign post (Boston, Mass. : 1860)</subfield>
    <subfield code="w">(DLC)sn 93059253</subfield>
    <subfield code="w">(OCoLC)27833087</subfield>
  </datafield>
  <datafield tag="775" ind1="1" ind2=" ">
    <subfield code="t">Boston statesman (Boston, Mass. : Weekly)</subfield>
    <subfield code="w">(DLC)sn 84023561</subfield>
    <subfield code="w">(OCoLC)5355303</subfield>
  </datafield>
  <datafield tag="775" ind1="1" ind2=" ">
    <subfield code="t">Boston statesman and weekly post</subfield>
    <subfield code="w">(DLC)sn 84023566</subfield>
    <subfield code="w">(OCoLC)10900544</subfield>
  </datafield>
  <datafield tag="775" ind1="1" ind2=" ">
    <subfield code="t">Boston weekly post</subfield>
    <subfield code="w">(DLC)sn 91058065</subfield>
    <subfield code="w">(OCoLC)2258528</subfield>
  </datafield>
  <datafield tag="775" ind1="1" ind2=" ">
    <subfield code="t">California post</subfield>
  </datafield>
  <datafield tag="775" ind1="1" ind2=" ">
    <subfield code="t">Boston press and post</subfield>
    <subfield code="w">(DLC)sn 84023565</subfield>
    <subfield code="w">(OCoLC)10897425</subfield>
  </datafield>
  <datafield tag="775" ind1="1" ind2=" ">
    <subfield code="t">Boston post (Boston, Mass. : Semiweekly)</subfield>
    <subfield code="w">(DLC)sn 91058066</subfield>
    <subfield code="w">(OCoLC)23861694</subfield>
  </datafield>
  <datafield tag="776" ind1="0" ind2="8">
    <subfield code="i">Online version:</subfield>
    <subfield code="t">Boston post (Boston, Mass. : Daily)</subfield>
    <subfield code="w">(OCoLC)1134689468</subfield>
  </datafield>
  <datafield tag="780" ind1="0" ind2="0">
    <subfield code="t">Boston morning post (Boston, Mass. : 1831)</subfield>
    <subfield code="w">(DLC)sn 84023563</subfield>
    <subfield code="w">(OCoLC)2258525</subfield>
  </datafield>
  <datafield tag="890" ind1=" " ind2=" ">
    <subfield code="a">Boston Post [Boston--Massachusetts]. [NEWSPAPER--microfilm]</subfield>
    <subfield code="i">sv 97018422</subfield>
  </datafield>
  <datafield tag="906" ind1=" " ind2=" ">
    <subfield code="a">7</subfield>
    <subfield code="b">cbc</subfield>
    <subfield code="c">serials</subfield>
    <subfield code="d">u</subfield>
    <subfield code="e">ncip</subfield>
    <subfield code="f">19</subfield>
    <subfield code="g">n-oclcserc</subfield>
  </datafield>
  <datafield tag="925" ind1="0" ind2=" ">
    <subfield code="a">Acquire</subfield>
    <subfield code="b">1 shelf copy</subfield>
    <subfield code="x">Policy default 12-16-02</subfield>
  </datafield>
  <datafield tag="955" ind1=" " ind2=" ">
    <subfield code="a">db08 2002-12-16</subfield>
    <subfield code="i">db08 2002-12-16 to Ser</subfield>
  </datafield>
  <datafield tag="984" ind1=" " ind2=" ">
    <subfield code="a">ncf</subfield>
    <subfield code="b">microfilm holdings</subfield>
  </datafield>
  <datafield tag="991" ind1=" " ind2=" ">
    <subfield code="b">c-Ser</subfield>
    <subfield code="h">Newspaper 8160-X</subfield>
    <subfield code="w">SERIALS</subfield>
  </datafield>
</record>