
<record>
  <leader>03424cas a2200685 a 4500</leader>
  <controlfield tag="001">11290492</controlfield>
  <controlfield tag="005">20200104075712.0</controlfield>
  <controlfield tag="008">790514d19792018oncqx p       0   b0eng c</controlfield>
  <datafield tag="010" ind1=" " ind2=" ">
    <subfield code="a">   84649576 </subfield>
    <subfield code="z">cn 80039073 </subfield>
  </datafield>
  <datafield tag="015" ind1=" " ind2=" ">
    <subfield code="a">C 800390733</subfield>
  </datafield>
  <datafield tag="015" ind1=" " ind2=" ">
    <subfield code="a">800390733</subfield>
    <subfield code="2">can</subfield>
  </datafield>
  <datafield tag="016" ind1=" " ind2=" ">
    <subfield code="a">(AMICUS)000003180506</subfield>
  </datafield>
  <datafield tag="022" ind1="0" ind2=" ">
    <subfield code="a">0706-1994</subfield>
    <subfield code="l">0706-1994</subfield>
    <subfield code="2">4</subfield>
  </datafield>
  <datafield tag="035" ind1=" " ind2=" ">
    <subfield code="a">(OCoLC)ocm04960487 </subfield>
  </datafield>
  <datafield tag="037" ind1=" " ind2=" ">
    <subfield code="b">The Academy of Science of the Royal Society of Canada, L&apos;Académie des sciences de la Société royale du Canada, c/o Dept. of Mathematics, University of Toronto, 40 St. George Street, Toronto, Canada M5S 2E4</subfield>
  </datafield>
  <datafield tag="040" ind1=" " ind2=" ">
    <subfield code="a">COO</subfield>
    <subfield code="b">eng</subfield>
    <subfield code="c">COO</subfield>
    <subfield code="d">HUL</subfield>
    <subfield code="d">NLC</subfield>
    <subfield code="d">DLC</subfield>
    <subfield code="d">NLC</subfield>
    <subfield code="d">OCL</subfield>
    <subfield code="d">NST</subfield>
    <subfield code="d">NLC</subfield>
    <subfield code="d">NST</subfield>
    <subfield code="d">DLC</subfield>
    <subfield code="d">NST</subfield>
    <subfield code="d">AIP</subfield>
    <subfield code="d">DLC</subfield>
    <subfield code="d">NST</subfield>
    <subfield code="d">OCL</subfield>
    <subfield code="d">FUG</subfield>
    <subfield code="d">NST</subfield>
    <subfield code="d">NLC</subfield>
    <subfield code="d">NST</subfield>
    <subfield code="d">OCL</subfield>
    <subfield code="d">SYS</subfield>
    <subfield code="d">OCLCQ</subfield>
    <subfield code="d">CIT</subfield>
    <subfield code="d">OCLCQ</subfield>
    <subfield code="d">MYG</subfield>
    <subfield code="d">OCLCF</subfield>
    <subfield code="d">ORU</subfield>
    <subfield code="d">OCL</subfield>
    <subfield code="d">MYG</subfield>
    <subfield code="d">XFH</subfield>
    <subfield code="d">QE2</subfield>
    <subfield code="d">OCLCQ</subfield>
    <subfield code="d">AU@</subfield>
    <subfield code="d">IUL</subfield>
    <subfield code="d">OCLCQ</subfield>
    <subfield code="d">NOC</subfield>
  </datafield>
  <datafield tag="041" ind1="0" ind2=" ">
    <subfield code="a">eng</subfield>
    <subfield code="a">fre</subfield>
  </datafield>
  <datafield tag="042" ind1=" " ind2=" ">
    <subfield code="a">nlc</subfield>
    <subfield code="a">isds/c</subfield>
    <subfield code="a">pcc</subfield>
  </datafield>
  <datafield tag="050" ind1="0" ind2="0">
    <subfield code="a">QA1</subfield>
    <subfield code="b">.R7a</subfield>
  </datafield>
  <datafield tag="055" ind1="0" ind2="2">
    <subfield code="a">QA1*</subfield>
  </datafield>
  <datafield tag="082" ind1="0" ind2="4">
    <subfield code="a">510/.5</subfield>
    <subfield code="2">19</subfield>
  </datafield>
  <datafield tag="110" ind1="2" ind2=" ">
    <subfield code="a">Royal Society of Canada.</subfield>
    <subfield code="b">Academy of Science.</subfield>
  </datafield>
  <datafield tag="210" ind1="0" ind2=" ">
    <subfield code="a">C.r. math. Acad. sci.</subfield>
  </datafield>
  <datafield tag="222" ind1=" " ind2="0">
    <subfield code="a">Comptes rendus mathématiques de l&apos;Académie des sciences</subfield>
  </datafield>
  <datafield tag="245" ind1="1" ind2="0">
    <subfield code="a">Comptes rendus mathématiques de l&apos;Académie des sciences =</subfield>
    <subfield code="b">Mathematical reports of the Academy of Science.</subfield>
  </datafield>
  <datafield tag="246" ind1="3" ind2="1">
    <subfield code="a">Mathematical reports of the Academy of Science</subfield>
  </datafield>
  <datafield tag="260" ind1=" " ind2=" ">
    <subfield code="a">[Waterloo, Ont.?] :</subfield>
    <subfield code="b">Royal Society of Canada = Société royale du Canada,</subfield>
    <subfield code="c">[1979]-</subfield>
  </datafield>
  <datafield tag="260" ind1="3" ind2=" ">
    <subfield code="3">Toronto, Ont. :</subfield>
    <subfield code="b">Royal Society of Canada</subfield>
  </datafield>
  <datafield tag="300" ind1=" " ind2=" ">
    <subfield code="a">40 volumes :</subfield>
    <subfield code="b">illustrations ;</subfield>
    <subfield code="c">21 cm</subfield>
  </datafield>
  <datafield tag="310" ind1=" " ind2=" ">
    <subfield code="a">Four times a year,</subfield>
    <subfield code="b">&lt;1999-&gt;</subfield>
  </datafield>
  <datafield tag="321" ind1=" " ind2=" ">
    <subfield code="a">Bimonthly</subfield>
  </datafield>
  <datafield tag="336" ind1=" " ind2=" ">
    <subfield code="a">text</subfield>
    <subfield code="b">txt</subfield>
    <subfield code="2">rdacontent</subfield>
  </datafield>
  <datafield tag="337" ind1=" " ind2=" ">
    <subfield code="a">unmediated</subfield>
    <subfield code="b">n</subfield>
    <subfield code="2">rdamedia</subfield>
  </datafield>
  <datafield tag="338" ind1=" " ind2=" ">
    <subfield code="a">volume</subfield>
    <subfield code="b">nc</subfield>
    <subfield code="2">rdacarrier</subfield>
  </datafield>
  <datafield tag="362" ind1="0" ind2=" ">
    <subfield code="a">Vol. 1, no. 1 (1979)-</subfield>
  </datafield>
  <datafield tag="362" ind1="1" ind2=" ">
    <subfield code="a">Ceased with: v. 40, no. 4 Dec. 2018)</subfield>
  </datafield>
  <datafield tag="500" ind1=" " ind2=" ">
    <subfield code="a">Vol. 1, no. 1-2 have parallel titles in reverse order: Mathematical reports of the Academy of Science = Comptes rendus mathématiques de l&apos;Académie des sciences.</subfield>
  </datafield>
  <datafield tag="500" ind1=" " ind2=" ">
    <subfield code="a">Title from cover.</subfield>
  </datafield>
  <datafield tag="515" ind1=" " ind2=" ">
    <subfield code="a">Vol. 1, no. 6 (1979) incorrectly numbered no. 5.</subfield>
  </datafield>
  <datafield tag="546" ind1=" " ind2=" ">
    <subfield code="a">In English; some French.</subfield>
  </datafield>
  <datafield tag="588" ind1=" " ind2=" ">
    <subfield code="a">Latest issue consulted: 37:2 (Juin = June 2015).</subfield>
  </datafield>
  <datafield tag="590" ind1=" " ind2=" ">
    <subfield code="a">SERBIB/SERLOC merged record</subfield>
  </datafield>
  <datafield tag="650" ind1=" " ind2="0">
    <subfield code="a">Mathematics</subfield>
    <subfield code="v">Periodicals.</subfield>
  </datafield>
  <datafield tag="650" ind1=" " ind2="6">
    <subfield code="a">Mathématiques</subfield>
    <subfield code="v">Périodiques.</subfield>
  </datafield>
  <datafield tag="650" ind1=" " ind2="7">
    <subfield code="a">Mathematics.</subfield>
    <subfield code="2">fast</subfield>
    <subfield code="0">(OCoLC)fst01012163</subfield>
  </datafield>
  <datafield tag="655" ind1=" " ind2="7">
    <subfield code="a">Serial publications.</subfield>
    <subfield code="2">fast</subfield>
    <subfield code="0">(OCoLC)fst01919968</subfield>
  </datafield>
  <datafield tag="655" ind1=" " ind2="7">
    <subfield code="a">Periodicals.</subfield>
    <subfield code="2">fast</subfield>
    <subfield code="0">(OCoLC)fst01411641</subfield>
  </datafield>
  <datafield tag="655" ind1=" " ind2="7">
    <subfield code="a">Serial publications.</subfield>
    <subfield code="2">lcgft</subfield>
  </datafield>
  <datafield tag="776" ind1="0" ind2="8">
    <subfield code="i">Online version:</subfield>
    <subfield code="a">Royal Society of Canada. Academy of Science.</subfield>
    <subfield code="t">Comptes rendus mathématiques de l&apos;Académie des sciences</subfield>
    <subfield code="w">(OCoLC)629672287</subfield>
  </datafield>
  <datafield tag="850" ind1=" " ind2=" ">
    <subfield code="a">ArU</subfield>
    <subfield code="a">AzU</subfield>
    <subfield code="a">CCC</subfield>
    <subfield code="a">CU-A</subfield>
    <subfield code="a">CaAEU</subfield>
    <subfield code="a">CaBVaS</subfield>
    <subfield code="a">CaNBFU</subfield>
    <subfield code="a">CaOLU</subfield>
    <subfield code="a">CaOTU</subfield>
    <subfield code="a">CaOWtU</subfield>
    <subfield code="a">CtY-KS</subfield>
    <subfield code="a">DLC</subfield>
    <subfield code="a">DeU</subfield>
    <subfield code="a">FU</subfield>
    <subfield code="a">GEU</subfield>
    <subfield code="a">IaAS</subfield>
    <subfield code="a">InLP</subfield>
    <subfield code="a">KMK</subfield>
    <subfield code="a">KyU</subfield>
    <subfield code="a">MH-CS</subfield>
    <subfield code="a">MShM</subfield>
    <subfield code="a">MU</subfield>
    <subfield code="a">MiEM</subfield>
    <subfield code="a">MnU</subfield>
    <subfield code="a">MoKL</subfield>
    <subfield code="a">MoU</subfield>
    <subfield code="a">MsSM</subfield>
    <subfield code="a">NN</subfield>
    <subfield code="a">NRU</subfield>
    <subfield code="a">NcGU</subfield>
    <subfield code="a">NcRS</subfield>
    <subfield code="a">NcU</subfield>
    <subfield code="a">OCU</subfield>
    <subfield code="a">OU</subfield>
    <subfield code="a">OrU</subfield>
    <subfield code="a">TU</subfield>
    <subfield code="a">UU</subfield>
    <subfield code="a">ViU</subfield>
    <subfield code="a">WvU</subfield>
    <subfield code="a">WyU</subfield>
  </datafield>
  <datafield tag="859" ind1="4" ind2="1">
    <subfield code="u">https://mr.math.ca/article/</subfield>
  </datafield>
  <datafield tag="853" ind1="3" ind2="0">
    <subfield code="8">1</subfield>
    <subfield code="a">v.</subfield>
    <subfield code="b">no.</subfield>
    <subfield code="i">(year)</subfield>
  </datafield>
  <datafield tag="863" ind1="4" ind2="0">
    <subfield code="8">1</subfield>
    <subfield code="a">&lt;1&gt;-</subfield>
    <subfield code="i">&lt;1979&gt;-</subfield>
    <subfield code="x">provisional</subfield>
  </datafield>
  <datafield tag="853" ind1="3" ind2="0">
    <subfield code="8">2</subfield>
    <subfield code="a">v.</subfield>
    <subfield code="b">no.</subfield>
    <subfield code="i">(year)</subfield>
    <subfield code="j">(month)</subfield>
  </datafield>
  <datafield tag="863" ind1="4" ind2="0">
    <subfield code="8">2</subfield>
    <subfield code="a">&lt;8&gt;-</subfield>
    <subfield code="i">&lt;1986&gt;-</subfield>
    <subfield code="x">provisional</subfield>
  </datafield>
  <datafield tag="890" ind1=" " ind2=" ">
    <subfield code="a">Comptes rendus mathematiques de l&apos;Academie des sciences (Royal Society of lCanada.  Academy of Science).  Waterloo, Ont.</subfield>
    <subfield code="i">84-649576</subfield>
  </datafield>
  <datafield tag="906" ind1=" " ind2=" ">
    <subfield code="a">7</subfield>
    <subfield code="b">cbc</subfield>
    <subfield code="c">serials</subfield>
    <subfield code="d">3</subfield>
    <subfield code="e">ncip</subfield>
    <subfield code="f">19</subfield>
    <subfield code="g">n-oclcserc</subfield>
  </datafield>
  <datafield tag="920" ind1=" " ind2=" ">
    <subfield code="a">Keep 1</subfield>
  </datafield>
  <datafield tag="991" ind1=" " ind2=" ">
    <subfield code="b">c-GenColl</subfield>
    <subfield code="h">QA1</subfield>
    <subfield code="i">.R7a</subfield>
    <subfield code="w">SERIALS</subfield>
  </datafield>
  <datafield tag="992" ind1=" " ind2=" ">
    <subfield code="b">Ser</subfield>
    <subfield code="w">SERLOC</subfield>
  </datafield>
</record>