
<record>
  <leader>02354cas a2200565 a 4500</leader>
  <controlfield tag="001">11316411</controlfield>
  <controlfield tag="005">20200104075732.0</controlfield>
  <controlfield tag="008">860417c19849999azuar        s0    0eng c</controlfield>
  <datafield tag="010" ind1=" " ind2=" ">
    <subfield code="a">   86647533 </subfield>
  </datafield>
  <datafield tag="035" ind1=" " ind2=" ">
    <subfield code="a">(OCoLC)ocm13449753 </subfield>
  </datafield>
  <datafield tag="040" ind1=" " ind2=" ">
    <subfield code="a">AZT</subfield>
    <subfield code="b">eng</subfield>
    <subfield code="c">AZT</subfield>
    <subfield code="d">DLC</subfield>
    <subfield code="d">OCL</subfield>
    <subfield code="d">DLC</subfield>
    <subfield code="d">NST</subfield>
    <subfield code="d">HVL</subfield>
    <subfield code="d">SYS</subfield>
    <subfield code="d">HVL</subfield>
    <subfield code="d">OCLCQ</subfield>
    <subfield code="d">OCLCF</subfield>
    <subfield code="d">OCLCO</subfield>
    <subfield code="d">OCLCA</subfield>
  </datafield>
  <datafield tag="042" ind1=" " ind2=" ">
    <subfield code="a">pcc</subfield>
  </datafield>
  <datafield tag="043" ind1=" " ind2=" ">
    <subfield code="a">n-us-az</subfield>
  </datafield>
  <datafield tag="050" ind1="0" ind2="0">
    <subfield code="a">KFA2827.5.A8</subfield>
    <subfield code="b">A82</subfield>
  </datafield>
  <datafield tag="082" ind1="0" ind2="0">
    <subfield code="a">353.9791008/8</subfield>
    <subfield code="2">19</subfield>
  </datafield>
  <datafield tag="110" ind1="1" ind2=" ">
    <subfield code="a">Arizona.</subfield>
    <subfield code="b">Attorney General&apos;s Office.</subfield>
  </datafield>
  <datafield tag="245" ind1="1" ind2="0">
    <subfield code="a">Annual report /</subfield>
    <subfield code="c">Arizona, Attorney General&apos;s Office.</subfield>
  </datafield>
  <datafield tag="246" ind1="1" ind2="6">
    <subfield code="a">Annual report of the Arizona Attorney General</subfield>
    <subfield code="f">&lt;1983-84&gt;</subfield>
  </datafield>
  <datafield tag="246" ind1="1" ind2=" ">
    <subfield code="i">Issues for 1998/1999-&lt;1999/2000&gt; have title:</subfield>
    <subfield code="a">Arizona Attorney General&apos;s annual report</subfield>
  </datafield>
  <datafield tag="249" ind1="0" ind2=" ">
    <subfield code="i">ACQUIRE Title:</subfield>
    <subfield code="a">Annual report / Arizona, Attorney General&apos;s Office.</subfield>
  </datafield>
  <datafield tag="260" ind1=" " ind2=" ">
    <subfield code="a">[Phoenix, Ariz.] :</subfield>
    <subfield code="b">The Office,</subfield>
    <subfield code="c">[1984-</subfield>
  </datafield>
  <datafield tag="300" ind1=" " ind2=" ">
    <subfield code="a">v. ;</subfield>
    <subfield code="c">28 cm.</subfield>
  </datafield>
  <datafield tag="310" ind1=" " ind2=" ">
    <subfield code="a">Annual</subfield>
  </datafield>
  <datafield tag="362" ind1="0" ind2=" ">
    <subfield code="a">1983-84-</subfield>
  </datafield>
  <datafield tag="500" ind1=" " ind2=" ">
    <subfield code="a">Title from cover.</subfield>
  </datafield>
  <datafield tag="500" ind1=" " ind2=" ">
    <subfield code="a">At head of title: Office of the Attorney General, Department of Law, 1992-1998.</subfield>
  </datafield>
  <datafield tag="515" ind1=" " ind2=" ">
    <subfield code="a">Report year ends June 30.</subfield>
  </datafield>
  <datafield tag="588" ind1=" " ind2=" ">
    <subfield code="a">Latest issue consulted: Fiscal year 1999/2000.</subfield>
  </datafield>
  <datafield tag="590" ind1=" " ind2=" ">
    <subfield code="a">SERBIB/SERLOC merged record</subfield>
  </datafield>
  <datafield tag="592" ind1=" " ind2=" ">
    <subfield code="a">ACQN: aq 98009313</subfield>
  </datafield>
  <datafield tag="592" ind1=" " ind2=" ">
    <subfield code="a">1983/84-85/86;1991-97/98;</subfield>
  </datafield>
  <datafield tag="610" ind1="1" ind2="0">
    <subfield code="a">Arizona.</subfield>
    <subfield code="b">Attorney General&apos;s Office</subfield>
    <subfield code="v">Periodicals.</subfield>
  </datafield>
  <datafield tag="610" ind1="1" ind2="7">
    <subfield code="a">Arizona.</subfield>
    <subfield code="b">Attorney General&apos;s Office.</subfield>
    <subfield code="2">fast</subfield>
    <subfield code="0">(OCoLC)fst00539577</subfield>
  </datafield>
  <datafield tag="650" ind1=" " ind2="0">
    <subfield code="a">Justice, Administration of</subfield>
    <subfield code="z">Arizona</subfield>
    <subfield code="v">Periodicals.</subfield>
  </datafield>
  <datafield tag="650" ind1=" " ind2="7">
    <subfield code="a">Justice, Administration of.</subfield>
    <subfield code="2">fast</subfield>
    <subfield code="0">(OCoLC)fst00985154</subfield>
  </datafield>
  <datafield tag="651" ind1=" " ind2="7">
    <subfield code="a">Arizona.</subfield>
    <subfield code="2">fast</subfield>
    <subfield code="0">(OCoLC)fst01204820</subfield>
  </datafield>
  <datafield tag="655" ind1=" " ind2="7">
    <subfield code="a">Periodicals.</subfield>
    <subfield code="2">fast</subfield>
    <subfield code="0">(OCoLC)fst01411641</subfield>
  </datafield>
  <datafield tag="776" ind1="0" ind2="8">
    <subfield code="i">Online version:</subfield>
    <subfield code="a">Arizona. Attorney General&apos;s Office.</subfield>
    <subfield code="t">Annual report</subfield>
    <subfield code="w">(OCoLC)1134545474</subfield>
  </datafield>
  <datafield tag="780" ind1="0" ind2="0">
    <subfield code="a">Arizona. Attorney General&apos;s Office.</subfield>
    <subfield code="t">State of Arizona Attorney General&apos;s annual report</subfield>
    <subfield code="w">(DLC)   80647993</subfield>
    <subfield code="w">(OCoLC)6841969</subfield>
  </datafield>
  <datafield tag="850" ind1=" " ind2=" ">
    <subfield code="a">AzTeS</subfield>
    <subfield code="a">DLC</subfield>
  </datafield>
  <datafield tag="853" ind1="3" ind2="3">
    <subfield code="8">1</subfield>
    <subfield code="a">(year/year)</subfield>
  </datafield>
  <datafield tag="863" ind1="4" ind2="0">
    <subfield code="8">1</subfield>
    <subfield code="a">&lt;1983/1984&gt;-</subfield>
    <subfield code="x">provisional</subfield>
  </datafield>
  <datafield tag="853" ind1="3" ind2="3">
    <subfield code="8">2</subfield>
    <subfield code="a">fiscal year</subfield>
  </datafield>
  <datafield tag="863" ind1="4" ind2="0">
    <subfield code="8">2</subfield>
    <subfield code="a">&lt;1991&gt;-</subfield>
    <subfield code="x">provisional</subfield>
  </datafield>
  <datafield tag="890" ind1=" " ind2=" ">
    <subfield code="a">Arizona.  Annual report (Arizona.  Attorney General&apos;s Office).  Phoenix, Ariz.</subfield>
    <subfield code="i">86-647533</subfield>
  </datafield>
  <datafield tag="906" ind1=" " ind2=" ">
    <subfield code="a">7</subfield>
    <subfield code="b">cbc</subfield>
    <subfield code="c">serials</subfield>
    <subfield code="d">2</subfield>
    <subfield code="e">ncip</subfield>
    <subfield code="f">19</subfield>
    <subfield code="g">n-oclcserc</subfield>
  </datafield>
  <datafield tag="920" ind1=" " ind2=" ">
    <subfield code="a">Keep 1</subfield>
  </datafield>
  <datafield tag="984" ind1=" " ind2=" ">
    <subfield code="a">srvf</subfield>
  </datafield>
  <datafield tag="991" ind1=" " ind2=" ">
    <subfield code="b">c-LL</subfield>
    <subfield code="h">KFA2827.5.A8</subfield>
    <subfield code="i">A82</subfield>
    <subfield code="w">SERIALS</subfield>
  </datafield>
  <datafield tag="992" ind1=" " ind2=" ">
    <subfield code="b">B/L</subfield>
    <subfield code="w">SERLOC</subfield>
  </datafield>
</record>