
<record>
  <leader>01191cas a2200313 a 4500</leader>
  <controlfield tag="001">11321925</controlfield>
  <controlfield tag="005">20200104075732.0</controlfield>
  <controlfield tag="008">860807d19591988iluuu m       0   a0eng c</controlfield>
  <datafield tag="010" ind1=" " ind2=" ">
    <subfield code="a">sf 87019896 </subfield>
    <subfield code="z">sn 86022610 </subfield>
  </datafield>
  <datafield tag="035" ind1=" " ind2=" ">
    <subfield code="a">(OCoLC)ocm14061208 </subfield>
  </datafield>
  <datafield tag="040" ind1=" " ind2=" ">
    <subfield code="a">HLS</subfield>
    <subfield code="b">eng</subfield>
    <subfield code="c">HLS</subfield>
    <subfield code="d">HUL</subfield>
    <subfield code="d">DLC</subfield>
    <subfield code="d">NST</subfield>
    <subfield code="d">HLS</subfield>
    <subfield code="d">OCLCQ</subfield>
    <subfield code="d">OCLCO</subfield>
    <subfield code="d">OCLCQ</subfield>
  </datafield>
  <datafield tag="042" ind1=" " ind2=" ">
    <subfield code="a">pcc</subfield>
  </datafield>
  <datafield tag="050" ind1="0" ind2="0">
    <subfield code="a">UNC</subfield>
  </datafield>
  <datafield tag="050" ind1="1" ind2="4">
    <subfield code="a">Z733</subfield>
    <subfield code="b">.A88</subfield>
  </datafield>
  <datafield tag="130" ind1="0" ind2=" ">
    <subfield code="a">Occasional paper (Augustana College (Rock Island, Ill.). Library)</subfield>
  </datafield>
  <datafield tag="245" ind1="1" ind2="0">
    <subfield code="a">Occasional paper.</subfield>
  </datafield>
  <datafield tag="246" ind1="1" ind2="3">
    <subfield code="a">Augustana College Library occasional paper</subfield>
    <subfield code="f">no. 15-18</subfield>
  </datafield>
  <datafield tag="260" ind1=" " ind2=" ">
    <subfield code="a">Rock Island, Ill. :</subfield>
    <subfield code="b">Augustana College Library,</subfield>
    <subfield code="c">1959-1988.</subfield>
  </datafield>
  <datafield tag="300" ind1=" " ind2=" ">
    <subfield code="a">volumes :</subfield>
    <subfield code="b">illustrations ;</subfield>
    <subfield code="c">23 cm</subfield>
  </datafield>
  <datafield tag="336" ind1=" " ind2=" ">
    <subfield code="a">text</subfield>
    <subfield code="b">txt</subfield>
    <subfield code="2">rdacontent</subfield>
  </datafield>
  <datafield tag="337" ind1=" " ind2=" ">
    <subfield code="a">unmediated</subfield>
    <subfield code="b">n</subfield>
    <subfield code="2">rdamedia</subfield>
  </datafield>
  <datafield tag="338" ind1=" " ind2=" ">
    <subfield code="a">volume</subfield>
    <subfield code="b">nc</subfield>
    <subfield code="2">rdacarrier</subfield>
  </datafield>
  <datafield tag="362" ind1="0" ind2=" ">
    <subfield code="a">No. 5-no. 18.</subfield>
  </datafield>
  <datafield tag="710" ind1="2" ind2=" ">
    <subfield code="a">Augustana College (Rock Island, Ill.).</subfield>
    <subfield code="b">Library.</subfield>
  </datafield>
  <datafield tag="776" ind1="0" ind2="8">
    <subfield code="i">Online version:</subfield>
    <subfield code="t">Occasional paper (Augustana College (Rock Island, Ill.). Library)</subfield>
    <subfield code="w">(OCoLC)1134580663</subfield>
  </datafield>
  <datafield tag="780" ind1="0" ind2="0">
    <subfield code="t">Augustana Library publications. Occasional paper</subfield>
    <subfield code="w">(OCoLC)8037424</subfield>
  </datafield>
  <datafield tag="850" ind1=" " ind2=" ">
    <subfield code="a">DLC</subfield>
    <subfield code="a">IaU</subfield>
    <subfield code="a">MH</subfield>
  </datafield>
  <datafield tag="906" ind1=" " ind2=" ">
    <subfield code="a">7</subfield>
    <subfield code="b">cbc</subfield>
    <subfield code="c">serials</subfield>
    <subfield code="d">u</subfield>
    <subfield code="e">ncip</subfield>
    <subfield code="f">19</subfield>
    <subfield code="g">n-oclcserc</subfield>
  </datafield>
  <datafield tag="991" ind1=" " ind2=" ">
    <subfield code="b">c-Ser</subfield>
    <subfield code="h">UNC</subfield>
    <subfield code="w">SERIALS</subfield>
  </datafield>
</record>