
<record>
  <leader>02755cas a2200589 a 4500</leader>
  <controlfield tag="001">11324653</controlfield>
  <controlfield tag="005">20200104075730.0</controlfield>
  <controlfield tag="008">850729c19839999th qr p      i0   a0eng c</controlfield>
  <datafield tag="010" ind1=" " ind2=" ">
    <subfield code="a">sf 87092260 </subfield>
    <subfield code="z">   86643313 </subfield>
  </datafield>
  <datafield tag="035" ind1=" " ind2=" ">
    <subfield code="a">(OCoLC)ocm12320802 </subfield>
  </datafield>
  <datafield tag="040" ind1=" " ind2=" ">
    <subfield code="a">HUH</subfield>
    <subfield code="b">eng</subfield>
    <subfield code="c">HUH</subfield>
    <subfield code="d">DLC</subfield>
    <subfield code="d">AGL</subfield>
    <subfield code="d">OCL</subfield>
    <subfield code="d">NST</subfield>
    <subfield code="d">EYM</subfield>
    <subfield code="d">OCLCQ</subfield>
    <subfield code="d">NYDWH</subfield>
    <subfield code="d">IUL</subfield>
    <subfield code="d">OCLCQ</subfield>
    <subfield code="d">OCLCO</subfield>
    <subfield code="d">OCLCF</subfield>
    <subfield code="d">OCLCO</subfield>
    <subfield code="d">OCLCQ</subfield>
  </datafield>
  <datafield tag="042" ind1=" " ind2=" ">
    <subfield code="a">pcc</subfield>
  </datafield>
  <datafield tag="043" ind1=" " ind2=" ">
    <subfield code="a">a------</subfield>
    <subfield code="a">po-----</subfield>
  </datafield>
  <datafield tag="050" ind1="0" ind2="0">
    <subfield code="a">WMLC L 83/1172</subfield>
  </datafield>
  <datafield tag="050" ind1="1" ind2="4">
    <subfield code="a">SB950.3.A78</subfield>
    <subfield code="b">Q37</subfield>
  </datafield>
  <datafield tag="070" ind1="0" ind2=" ">
    <subfield code="a">SB599.F6</subfield>
  </datafield>
  <datafield tag="072" ind1=" " ind2="0">
    <subfield code="a">F800</subfield>
  </datafield>
  <datafield tag="130" ind1="0" ind2=" ">
    <subfield code="a">Quarterly newsletter (FAO Regional Office for Asia and the Pacific. Asia and Pacific Plant Protection Commission)</subfield>
  </datafield>
  <datafield tag="245" ind1="1" ind2="0">
    <subfield code="a">Quarterly newsletter /</subfield>
    <subfield code="c">Asia and Pacific Plant Protection Commission.</subfield>
  </datafield>
  <datafield tag="260" ind1=" " ind2=" ">
    <subfield code="a">Bangkok, Thailand :</subfield>
    <subfield code="b">Food and Agriculture Organization of the United Nations, Regional Office for Asia and the Pacific,</subfield>
    <subfield code="c">1983-</subfield>
  </datafield>
  <datafield tag="300" ind1=" " ind2=" ">
    <subfield code="a">volumes ;</subfield>
    <subfield code="c">28 cm</subfield>
  </datafield>
  <datafield tag="310" ind1=" " ind2=" ">
    <subfield code="a">Quarterly</subfield>
  </datafield>
  <datafield tag="336" ind1=" " ind2=" ">
    <subfield code="a">text</subfield>
    <subfield code="b">txt</subfield>
    <subfield code="2">rdacontent</subfield>
  </datafield>
  <datafield tag="337" ind1=" " ind2=" ">
    <subfield code="a">unmediated</subfield>
    <subfield code="b">n</subfield>
    <subfield code="2">rdamedia</subfield>
  </datafield>
  <datafield tag="338" ind1=" " ind2=" ">
    <subfield code="a">volume</subfield>
    <subfield code="b">nc</subfield>
    <subfield code="2">rdacarrier</subfield>
  </datafield>
  <datafield tag="362" ind1="0" ind2=" ">
    <subfield code="a">Vol. 26, no. 1 (Jan. to Mar. 1983)-</subfield>
  </datafield>
  <datafield tag="500" ind1=" " ind2=" ">
    <subfield code="a">Title from cover.</subfield>
  </datafield>
  <datafield tag="515" ind1=" " ind2=" ">
    <subfield code="a">Vol. 26, no. 4 not published.</subfield>
  </datafield>
  <datafield tag="515" ind1=" " ind2=" ">
    <subfield code="a">Some nos. combined.</subfield>
  </datafield>
  <datafield tag="588" ind1=" " ind2=" ">
    <subfield code="a">Latest issue consulted: Vol. 36, no. 3/4 (July/Dec. 1993).</subfield>
  </datafield>
  <datafield tag="590" ind1=" " ind2=" ">
    <subfield code="a">SERBIB/SERLOC merged record</subfield>
  </datafield>
  <datafield tag="650" ind1=" " ind2="0">
    <subfield code="a">Plants, Protection of</subfield>
    <subfield code="z">Asia</subfield>
    <subfield code="v">Periodicals.</subfield>
  </datafield>
  <datafield tag="650" ind1=" " ind2="0">
    <subfield code="a">Plants, Protection of</subfield>
    <subfield code="z">Oceania</subfield>
    <subfield code="v">Periodicals.</subfield>
  </datafield>
  <datafield tag="650" ind1=" " ind2="0">
    <subfield code="a">Agricultural pests</subfield>
    <subfield code="z">Asia</subfield>
    <subfield code="v">Periodicals.</subfield>
  </datafield>
  <datafield tag="650" ind1=" " ind2="0">
    <subfield code="a">Agricultural pests</subfield>
    <subfield code="z">Oceania</subfield>
    <subfield code="v">Periodicals.</subfield>
  </datafield>
  <datafield tag="650" ind1=" " ind2="7">
    <subfield code="a">Agricultural pests.</subfield>
    <subfield code="2">fast</subfield>
    <subfield code="0">(OCoLC)fst00801150</subfield>
  </datafield>
  <datafield tag="650" ind1=" " ind2="7">
    <subfield code="a">Plants, Protection of.</subfield>
    <subfield code="2">fast</subfield>
    <subfield code="0">(OCoLC)fst01066223</subfield>
  </datafield>
  <datafield tag="651" ind1=" " ind2="7">
    <subfield code="a">Asia.</subfield>
    <subfield code="2">fast</subfield>
    <subfield code="0">(OCoLC)fst01240495</subfield>
  </datafield>
  <datafield tag="651" ind1=" " ind2="7">
    <subfield code="a">Oceania.</subfield>
    <subfield code="2">fast</subfield>
    <subfield code="0">(OCoLC)fst01242982</subfield>
  </datafield>
  <datafield tag="650" ind1=" " ind2="7">
    <subfield code="a">AGRICULTURE.</subfield>
    <subfield code="2">unbist</subfield>
  </datafield>
  <datafield tag="650" ind1=" " ind2="7">
    <subfield code="a">PLANT PROTECTION.</subfield>
    <subfield code="2">unbist</subfield>
  </datafield>
  <datafield tag="650" ind1=" " ind2="7">
    <subfield code="a">ASIA AND THE PACIFIC.</subfield>
    <subfield code="2">unbist</subfield>
  </datafield>
  <datafield tag="655" ind1=" " ind2="7">
    <subfield code="a">Periodicals.</subfield>
    <subfield code="2">fast</subfield>
    <subfield code="0">(OCoLC)fst01411641</subfield>
  </datafield>
  <datafield tag="710" ind1="2" ind2=" ">
    <subfield code="a">FAO Regional Office for Asia and the Pacific.</subfield>
    <subfield code="b">Asia and Pacific Plant Protection Commission.</subfield>
  </datafield>
  <datafield tag="776" ind1="0" ind2="8">
    <subfield code="i">Online version:</subfield>
    <subfield code="t">Quarterly newsletter (FAO Regional Office for Asia and the Pacific. Asia and Pacific Plant Protection Commission)</subfield>
    <subfield code="w">(OCoLC)1134577716</subfield>
  </datafield>
  <datafield tag="780" ind1="0" ind2="0">
    <subfield code="t">Quarterly newsletter (Food and Agriculture Organization of the United Nations. Plant Protection Committee for the South East Asia and Pacific Region)</subfield>
    <subfield code="w">(DLC)sf 85019268</subfield>
    <subfield code="w">(OCoLC)10048019</subfield>
  </datafield>
  <datafield tag="850" ind1=" " ind2=" ">
    <subfield code="a">CU-A</subfield>
    <subfield code="a">DLC</subfield>
    <subfield code="a">DNAL</subfield>
    <subfield code="a">MiU</subfield>
  </datafield>
  <datafield tag="890" ind1=" " ind2=" ">
    <subfield code="a">Quarterly Newsletter (FAO Regional Office for Asian and the Pacific. Asia and Pacific Plant Protection Commission)</subfield>
    <subfield code="i">sf87-92260</subfield>
  </datafield>
  <datafield tag="906" ind1=" " ind2=" ">
    <subfield code="a">0</subfield>
    <subfield code="b">cbc</subfield>
    <subfield code="c">serials</subfield>
    <subfield code="d">u</subfield>
    <subfield code="e">ncip</subfield>
    <subfield code="f">19</subfield>
    <subfield code="g">n-oclcserc</subfield>
  </datafield>
  <datafield tag="920" ind1=" " ind2=" ">
    <subfield code="a">Keep 1</subfield>
  </datafield>
  <datafield tag="991" ind1=" " ind2=" ">
    <subfield code="b">c-Ser</subfield>
    <subfield code="h">WMLC L 83/1172</subfield>
    <subfield code="w">SERIALS</subfield>
  </datafield>
  <datafield tag="992" ind1=" " ind2=" ">
    <subfield code="b">FRD/SER</subfield>
    <subfield code="w">SERLOC</subfield>
  </datafield>
</record>