
<record>
  <leader>01856cas a2200457 a 4500</leader>
  <controlfield tag="001">11326823</controlfield>
  <controlfield tag="005">20200104075733.0</controlfield>
  <controlfield tag="008">870515d19861997akuar        s0    0eng  </controlfield>
  <datafield tag="010" ind1=" " ind2=" ">
    <subfield code="a">   87641699 </subfield>
  </datafield>
  <datafield tag="035" ind1=" " ind2=" ">
    <subfield code="a">(OCoLC)ocm15692145 </subfield>
  </datafield>
  <datafield tag="040" ind1=" " ind2=" ">
    <subfield code="a">DLC</subfield>
    <subfield code="b">eng</subfield>
    <subfield code="c">DLC</subfield>
    <subfield code="d">DLC</subfield>
    <subfield code="d">OCL</subfield>
    <subfield code="d">HVL</subfield>
    <subfield code="d">OCLCQ</subfield>
    <subfield code="d">HVL</subfield>
    <subfield code="d">DLC</subfield>
    <subfield code="d">OCLCQ</subfield>
    <subfield code="d">OCLCO</subfield>
    <subfield code="d">OCLCA</subfield>
    <subfield code="d">OCLCF</subfield>
  </datafield>
  <datafield tag="042" ind1=" " ind2=" ">
    <subfield code="a">pcc</subfield>
  </datafield>
  <datafield tag="043" ind1=" " ind2=" ">
    <subfield code="a">n-us-ak</subfield>
  </datafield>
  <datafield tag="050" ind1="0" ind2="0">
    <subfield code="a">JK9549.O4</subfield>
    <subfield code="b">O43a</subfield>
  </datafield>
  <datafield tag="110" ind1="1" ind2=" ">
    <subfield code="a">Alaska.</subfield>
    <subfield code="b">Office of Ombudsman.</subfield>
  </datafield>
  <datafield tag="245" ind1="1" ind2="4">
    <subfield code="a">The Alaska Ombudsman report.</subfield>
  </datafield>
  <datafield tag="246" ind1="1" ind2="3">
    <subfield code="a">Annual report of the Office of the Ombudsman, State of Alaska</subfield>
  </datafield>
  <datafield tag="246" ind1="1" ind2="4">
    <subfield code="a">Annual report</subfield>
    <subfield code="f">1996/97</subfield>
  </datafield>
  <datafield tag="260" ind1=" " ind2=" ">
    <subfield code="a">[Juneau, AK :</subfield>
    <subfield code="b">Office of the Ombudsman],</subfield>
    <subfield code="c">-1997.</subfield>
  </datafield>
  <datafield tag="300" ind1=" " ind2=" ">
    <subfield code="a">v. :</subfield>
    <subfield code="b">ill. ;</subfield>
    <subfield code="c">28-41 cm.</subfield>
  </datafield>
  <datafield tag="310" ind1=" " ind2=" ">
    <subfield code="a">Annual</subfield>
  </datafield>
  <datafield tag="362" ind1="1" ind2=" ">
    <subfield code="a">Began with 1986?</subfield>
  </datafield>
  <datafield tag="362" ind1="0" ind2=" ">
    <subfield code="a">-1996/97.</subfield>
  </datafield>
  <datafield tag="580" ind1=" " ind2=" ">
    <subfield code="a">Investigations for 1995- also available online; later only available online, via the Ombudsman&apos;s web site.</subfield>
  </datafield>
  <datafield tag="588" ind1=" " ind2=" ">
    <subfield code="a">Description based on: 1986; title from caption.</subfield>
  </datafield>
  <datafield tag="590" ind1=" " ind2=" ">
    <subfield code="a">SERBIB/SERLOC merged record</subfield>
  </datafield>
  <datafield tag="610" ind1="1" ind2="0">
    <subfield code="a">Alaska.</subfield>
    <subfield code="b">Office of Ombudsman</subfield>
    <subfield code="v">Periodicals.</subfield>
  </datafield>
  <datafield tag="610" ind1="1" ind2="7">
    <subfield code="a">Alaska.</subfield>
    <subfield code="b">Office of Ombudsman.</subfield>
    <subfield code="2">fast</subfield>
    <subfield code="0">(OCoLC)fst00569976</subfield>
  </datafield>
  <datafield tag="650" ind1=" " ind2="0">
    <subfield code="a">Ombudspersons</subfield>
    <subfield code="z">Alaska</subfield>
    <subfield code="v">Periodicals.</subfield>
  </datafield>
  <datafield tag="650" ind1=" " ind2="7">
    <subfield code="a">Ombudspersons.</subfield>
    <subfield code="2">fast</subfield>
    <subfield code="0">(OCoLC)fst01715979</subfield>
  </datafield>
  <datafield tag="651" ind1=" " ind2="7">
    <subfield code="a">Alaska.</subfield>
    <subfield code="2">fast</subfield>
    <subfield code="0">(OCoLC)fst01204480</subfield>
  </datafield>
  <datafield tag="655" ind1=" " ind2="7">
    <subfield code="a">Periodicals.</subfield>
    <subfield code="2">fast</subfield>
    <subfield code="0">(OCoLC)fst01411641</subfield>
  </datafield>
  <datafield tag="776" ind1="0" ind2="8">
    <subfield code="i">Online version:</subfield>
    <subfield code="a">Alaska. Office of Ombudsman.</subfield>
    <subfield code="t">Alaska Ombudsman report</subfield>
    <subfield code="w">(OCoLC)1134563784</subfield>
  </datafield>
  <datafield tag="780" ind1="0" ind2="0">
    <subfield code="a">Alaska. Office of Ombudsman.</subfield>
    <subfield code="t">Annual report</subfield>
    <subfield code="w">(OCoLC)42339735</subfield>
  </datafield>
  <datafield tag="850" ind1=" " ind2=" ">
    <subfield code="a">DLC</subfield>
  </datafield>
  <datafield tag="859" ind1="4" ind2="1">
    <subfield code="u">http://www.state.ak.uslocal/akpages/LEGISLATURE/ombud/home.htm</subfield>
  </datafield>
  <datafield tag="890" ind1=" " ind2=" ">
    <subfield code="a">Alaska.  Alaska Ombudsman report (Alaska. Office of Ombudsman)</subfield>
    <subfield code="i">87-641699</subfield>
  </datafield>
  <datafield tag="906" ind1=" " ind2=" ">
    <subfield code="a">7</subfield>
    <subfield code="b">cbc</subfield>
    <subfield code="c">serials</subfield>
    <subfield code="d">3</subfield>
    <subfield code="e">ncip</subfield>
    <subfield code="f">19</subfield>
    <subfield code="g">n-oclcserc</subfield>
  </datafield>
  <datafield tag="920" ind1=" " ind2=" ">
    <subfield code="a">Keep 1</subfield>
  </datafield>
  <datafield tag="984" ind1=" " ind2=" ">
    <subfield code="a">srvf</subfield>
  </datafield>
  <datafield tag="991" ind1=" " ind2=" ">
    <subfield code="b">c-GenColl</subfield>
    <subfield code="h">JK9549.O4</subfield>
    <subfield code="i">O43a</subfield>
    <subfield code="w">SERIALS</subfield>
  </datafield>
</record>