
<record>
  <leader>02573cas a2200529 a 4500</leader>
  <controlfield tag="001">11372137</controlfield>
  <controlfield tag="005">20200104075738.0</controlfield>
  <controlfield tag="008">890531c19889999fluar    s   s0   a0eng c</controlfield>
  <datafield tag="010" ind1=" " ind2=" ">
    <subfield code="a">   90644804 </subfield>
  </datafield>
  <datafield tag="035" ind1=" " ind2=" ">
    <subfield code="a">(OCoLC)ocm19789835 </subfield>
  </datafield>
  <datafield tag="037" ind1=" " ind2=" ">
    <subfield code="b">Florida Dept. of Law Enforcement, P.O. Box 1489, Tallahassee, Fla. 32302</subfield>
  </datafield>
  <datafield tag="040" ind1=" " ind2=" ">
    <subfield code="a">FSP</subfield>
    <subfield code="b">eng</subfield>
    <subfield code="c">FSP</subfield>
    <subfield code="d">DLC</subfield>
    <subfield code="d">OCL</subfield>
    <subfield code="d">DLC</subfield>
    <subfield code="d">NST</subfield>
    <subfield code="d">HUL</subfield>
    <subfield code="d">DLC</subfield>
    <subfield code="d">OCL</subfield>
    <subfield code="d">SYS</subfield>
    <subfield code="d">OCLCQ</subfield>
    <subfield code="d">OCLCF</subfield>
    <subfield code="d">OCLCO</subfield>
    <subfield code="d">OCLCA</subfield>
  </datafield>
  <datafield tag="042" ind1=" " ind2=" ">
    <subfield code="a">pcc</subfield>
  </datafield>
  <datafield tag="043" ind1=" " ind2=" ">
    <subfield code="a">n-us-fl</subfield>
  </datafield>
  <datafield tag="050" ind1="0" ind2="0">
    <subfield code="a">HV8145.F6</subfield>
    <subfield code="b">U54</subfield>
  </datafield>
  <datafield tag="082" ind1="0" ind2="0">
    <subfield code="a">364.1/0883632</subfield>
    <subfield code="2">20</subfield>
  </datafield>
  <datafield tag="245" ind1="0" ind2="0">
    <subfield code="a">Uniform crime reports, State of Florida.</subfield>
    <subfield code="p">Law enforcement officers killed and assaulted, annual report /</subfield>
    <subfield code="c">compiled by the Florida Department of Law Enforcement.</subfield>
  </datafield>
  <datafield tag="246" ind1="3" ind2="0">
    <subfield code="a">Law enforcement officers killed and assaulted, annual report</subfield>
  </datafield>
  <datafield tag="260" ind1=" " ind2=" ">
    <subfield code="a">Tallahassee, Fla. :</subfield>
    <subfield code="b">The Department,</subfield>
    <subfield code="c">[1988]-</subfield>
  </datafield>
  <datafield tag="300" ind1=" " ind2=" ">
    <subfield code="a">volumes :</subfield>
    <subfield code="b">illustrations ;</subfield>
    <subfield code="c">28 cm</subfield>
  </datafield>
  <datafield tag="310" ind1=" " ind2=" ">
    <subfield code="a">Annual</subfield>
  </datafield>
  <datafield tag="336" ind1=" " ind2=" ">
    <subfield code="a">text</subfield>
    <subfield code="b">txt</subfield>
    <subfield code="2">rdacontent</subfield>
  </datafield>
  <datafield tag="337" ind1=" " ind2=" ">
    <subfield code="a">unmediated</subfield>
    <subfield code="b">n</subfield>
    <subfield code="2">rdamedia</subfield>
  </datafield>
  <datafield tag="338" ind1=" " ind2=" ">
    <subfield code="a">volume</subfield>
    <subfield code="b">nc</subfield>
    <subfield code="2">rdacarrier</subfield>
  </datafield>
  <datafield tag="362" ind1="0" ind2=" ">
    <subfield code="a">1988-</subfield>
  </datafield>
  <datafield tag="580" ind1=" " ind2=" ">
    <subfield code="a">The information previously contained in: Uniform crime reports, State of Florida is now being continued by several separately issued reports.</subfield>
  </datafield>
  <datafield tag="590" ind1=" " ind2=" ">
    <subfield code="a">SERBIB/SERLOC merged record</subfield>
  </datafield>
  <datafield tag="650" ind1=" " ind2="0">
    <subfield code="a">Police</subfield>
    <subfield code="x">Violence against</subfield>
    <subfield code="z">Florida</subfield>
    <subfield code="v">Statistics</subfield>
    <subfield code="v">Periodicals.</subfield>
  </datafield>
  <datafield tag="650" ind1=" " ind2="0">
    <subfield code="a">Police murders</subfield>
    <subfield code="z">Florida</subfield>
    <subfield code="v">Periodicals.</subfield>
  </datafield>
  <datafield tag="650" ind1=" " ind2="7">
    <subfield code="a">Police murders.</subfield>
    <subfield code="2">fast</subfield>
    <subfield code="0">(OCoLC)fst01068622</subfield>
  </datafield>
  <datafield tag="650" ind1=" " ind2="7">
    <subfield code="a">Police</subfield>
    <subfield code="x">Violence against.</subfield>
    <subfield code="2">fast</subfield>
    <subfield code="0">(OCoLC)fst01068542</subfield>
  </datafield>
  <datafield tag="651" ind1=" " ind2="7">
    <subfield code="a">Florida.</subfield>
    <subfield code="2">fast</subfield>
    <subfield code="0">(OCoLC)fst01205150</subfield>
  </datafield>
  <datafield tag="655" ind1=" " ind2="7">
    <subfield code="a">Periodicals.</subfield>
    <subfield code="2">fast</subfield>
    <subfield code="0">(OCoLC)fst01411641</subfield>
  </datafield>
  <datafield tag="655" ind1=" " ind2="7">
    <subfield code="a">Statistics.</subfield>
    <subfield code="2">fast</subfield>
    <subfield code="0">(OCoLC)fst01423727</subfield>
  </datafield>
  <datafield tag="710" ind1="1" ind2=" ">
    <subfield code="a">Florida.</subfield>
    <subfield code="b">Department of Law Enforcement.</subfield>
  </datafield>
  <datafield tag="776" ind1="0" ind2="8">
    <subfield code="i">Online version:</subfield>
    <subfield code="t">Uniform crime reports, State of Florida. Law enforcement officers killed and assaulted, annual report</subfield>
    <subfield code="w">(OCoLC)1134614616</subfield>
  </datafield>
  <datafield tag="780" ind1="0" ind2="1">
    <subfield code="t">Uniform crime reports, State of Florida</subfield>
    <subfield code="w">(DLC)   77644098</subfield>
    <subfield code="w">(OCoLC)3418816</subfield>
  </datafield>
  <datafield tag="787" ind1="1" ind2=" ">
    <subfield code="t">Uniform crime reports (Tallahassee, Fla.)</subfield>
    <subfield code="w">(DLC)   89642461</subfield>
    <subfield code="w">(OCoLC)20673099</subfield>
  </datafield>
  <datafield tag="787" ind1="1" ind2=" ">
    <subfield code="t">Uniform crime reports, State of Florida. Law enforcement employee data annual report</subfield>
    <subfield code="w">(DLC)   89644803</subfield>
    <subfield code="w">(OCoLC)19794597</subfield>
  </datafield>
  <datafield tag="850" ind1=" " ind2=" ">
    <subfield code="a">DLC</subfield>
    <subfield code="a">ICU</subfield>
    <subfield code="a">MH-L</subfield>
    <subfield code="a">NcD</subfield>
  </datafield>
  <datafield tag="853" ind1="2" ind2="0">
    <subfield code="8">1</subfield>
    <subfield code="a">(year)</subfield>
    <subfield code="w">a</subfield>
    <subfield code="x">00</subfield>
  </datafield>
  <datafield tag="863" ind1="4" ind2="1">
    <subfield code="8">1</subfield>
    <subfield code="a">&lt;1989&gt;</subfield>
    <subfield code="x">provisional</subfield>
  </datafield>
  <datafield tag="890" ind1=" " ind2=" ">
    <subfield code="a">Florida.  Uniform crime reports, State of Florida. Law enforcement officers killed and assaulted, annual report.</subfield>
    <subfield code="i">90-644804</subfield>
  </datafield>
  <datafield tag="906" ind1=" " ind2=" ">
    <subfield code="a">7</subfield>
    <subfield code="b">cbc</subfield>
    <subfield code="c">serials</subfield>
    <subfield code="d">3</subfield>
    <subfield code="e">ncip</subfield>
    <subfield code="f">19</subfield>
    <subfield code="g">n-oclcserc</subfield>
  </datafield>
  <datafield tag="920" ind1=" " ind2=" ">
    <subfield code="a">Keep 1</subfield>
  </datafield>
  <datafield tag="991" ind1=" " ind2=" ">
    <subfield code="b">c-GenColl</subfield>
    <subfield code="h">HV8145.F6</subfield>
    <subfield code="i">U54</subfield>
    <subfield code="w">SERIALS</subfield>
  </datafield>
  <datafield tag="992" ind1=" " ind2=" ">
    <subfield code="b">SER</subfield>
    <subfield code="w">SERLOC</subfield>
  </datafield>
</record>