
<record>
  <leader>03324cas a2200649 a 4500</leader>
  <controlfield tag="001">11372149</controlfield>
  <controlfield tag="005">20200104075737.0</controlfield>
  <controlfield tag="008">880808d19871996iauar     s  s0   a0eng c</controlfield>
  <datafield tag="010" ind1=" " ind2=" ">
    <subfield code="a">   90644816 </subfield>
    <subfield code="z">sn 88012500 </subfield>
  </datafield>
  <datafield tag="022" ind1="0" ind2=" ">
    <subfield code="a">1067-8468</subfield>
    <subfield code="l">1067-8468</subfield>
    <subfield code="2">1</subfield>
  </datafield>
  <datafield tag="035" ind1=" " ind2=" ">
    <subfield code="a">(OCoLC)ocm18327659 </subfield>
  </datafield>
  <datafield tag="037" ind1=" " ind2=" ">
    <subfield code="b">Iowa Dept. of Employment Services, 1000 E. Grand Ave., Des Moines, Iowa 50319</subfield>
  </datafield>
  <datafield tag="040" ind1=" " ind2=" ">
    <subfield code="a">IOU</subfield>
    <subfield code="b">eng</subfield>
    <subfield code="c">IOU</subfield>
    <subfield code="d">NST</subfield>
    <subfield code="d">DLC</subfield>
    <subfield code="d">NST</subfield>
    <subfield code="d">DLC</subfield>
    <subfield code="d">NST</subfield>
    <subfield code="d">DLC</subfield>
    <subfield code="d">HUL</subfield>
    <subfield code="d">NSD</subfield>
    <subfield code="d">DLC</subfield>
    <subfield code="d">SYS</subfield>
    <subfield code="d">OCL</subfield>
    <subfield code="d">OCLCQ</subfield>
    <subfield code="d">HVL</subfield>
    <subfield code="d">OCLCQ</subfield>
    <subfield code="d">OCLCF</subfield>
    <subfield code="d">OCLCO</subfield>
    <subfield code="d">IOU</subfield>
    <subfield code="d">OCLCA</subfield>
  </datafield>
  <datafield tag="042" ind1=" " ind2=" ">
    <subfield code="a">pcc</subfield>
    <subfield code="a">nsdp</subfield>
  </datafield>
  <datafield tag="043" ind1=" " ind2=" ">
    <subfield code="a">n-us-ia</subfield>
  </datafield>
  <datafield tag="050" ind1="0" ind2="0">
    <subfield code="a">HD5725.I8</subfield>
    <subfield code="b">I57a</subfield>
  </datafield>
  <datafield tag="082" ind1="0" ind2="0">
    <subfield code="a">353.97770083/3/06</subfield>
    <subfield code="2">20</subfield>
  </datafield>
  <datafield tag="086" ind1=" " ind2=" ">
    <subfield code="a">17 E559 1 yr.</subfield>
    <subfield code="2">iadocs</subfield>
  </datafield>
  <datafield tag="110" ind1="1" ind2=" ">
    <subfield code="a">Iowa.</subfield>
    <subfield code="b">Department of Employment Services.</subfield>
  </datafield>
  <datafield tag="210" ind1="0" ind2=" ">
    <subfield code="a">Annu. rep. - Iowa, Dep. Employ. Serv.</subfield>
  </datafield>
  <datafield tag="222" ind1=" " ind2="0">
    <subfield code="a">Annual report - Iowa. Dept. of Employment Services</subfield>
  </datafield>
  <datafield tag="245" ind1="1" ind2="0">
    <subfield code="a">Annual report /</subfield>
    <subfield code="c">Department of Employment Services.</subfield>
  </datafield>
  <datafield tag="260" ind1=" " ind2=" ">
    <subfield code="a">Des Moines, Iowa :</subfield>
    <subfield code="b">The Department,</subfield>
    <subfield code="c">[1988?]-</subfield>
  </datafield>
  <datafield tag="300" ind1=" " ind2=" ">
    <subfield code="a">volumes :</subfield>
    <subfield code="b">illustrations, maps ;</subfield>
    <subfield code="c">28 cm</subfield>
  </datafield>
  <datafield tag="310" ind1=" " ind2=" ">
    <subfield code="a">Annual</subfield>
  </datafield>
  <datafield tag="336" ind1=" " ind2=" ">
    <subfield code="a">text</subfield>
    <subfield code="b">txt</subfield>
    <subfield code="2">rdacontent</subfield>
  </datafield>
  <datafield tag="337" ind1=" " ind2=" ">
    <subfield code="a">unmediated</subfield>
    <subfield code="b">n</subfield>
    <subfield code="2">rdamedia</subfield>
  </datafield>
  <datafield tag="338" ind1=" " ind2=" ">
    <subfield code="a">volume</subfield>
    <subfield code="b">nc</subfield>
    <subfield code="2">rdacarrier</subfield>
  </datafield>
  <datafield tag="362" ind1="0" ind2=" ">
    <subfield code="a">1st [(1987)]-</subfield>
  </datafield>
  <datafield tag="362" ind1="1" ind2=" ">
    <subfield code="a">Ceased with 10th (1995/1996).</subfield>
    <subfield code="z">Cf. University of Iowa Law Library catalog.</subfield>
  </datafield>
  <datafield tag="515" ind1=" " ind2=" ">
    <subfield code="a">Vol. for 1987-1988 cover two periods, both the year ending June 30 (the state fiscal year), and the year ending Sept. 30 (the federal fiscal year); report year 1989- ends June 30.</subfield>
  </datafield>
  <datafield tag="515" ind1=" " ind2=" ">
    <subfield code="a">First issue has numeric designation only.</subfield>
  </datafield>
  <datafield tag="580" ind1=" " ind2=" ">
    <subfield code="a">Continues in part: Iowa. Industrial Commissioner. Biennial report of the Industrial Commissioner for the period ending June 30 ... ; Job Service of Iowa. Annual report ; and Iowa. Bureau of Labor. Biennial report.</subfield>
  </datafield>
  <datafield tag="588" ind1=" " ind2=" ">
    <subfield code="a">Latest issue consulted: 2nd (1988).</subfield>
  </datafield>
  <datafield tag="590" ind1=" " ind2=" ">
    <subfield code="a">SERBIB/SERLOC merged record</subfield>
  </datafield>
  <datafield tag="610" ind1="1" ind2="0">
    <subfield code="a">Iowa.</subfield>
    <subfield code="b">Department of Employment Services</subfield>
    <subfield code="v">Periodicals.</subfield>
  </datafield>
  <datafield tag="610" ind1="1" ind2="7">
    <subfield code="a">Iowa.</subfield>
    <subfield code="b">Department of Employment Services.</subfield>
    <subfield code="2">fast</subfield>
    <subfield code="0">(OCoLC)fst01826224</subfield>
  </datafield>
  <datafield tag="650" ind1=" " ind2="0">
    <subfield code="a">Employees</subfield>
    <subfield code="z">Iowa</subfield>
    <subfield code="v">Statistics</subfield>
    <subfield code="v">Periodicals.</subfield>
  </datafield>
  <datafield tag="650" ind1=" " ind2="7">
    <subfield code="a">Employees.</subfield>
    <subfield code="2">fast</subfield>
    <subfield code="0">(OCoLC)fst00909111</subfield>
  </datafield>
  <datafield tag="651" ind1=" " ind2="7">
    <subfield code="a">Iowa.</subfield>
    <subfield code="2">fast</subfield>
    <subfield code="0">(OCoLC)fst01205835</subfield>
  </datafield>
  <datafield tag="651" ind1=" " ind2="4">
    <subfield code="a">Iowa</subfield>
    <subfield code="x">Labor and laboring classes</subfield>
    <subfield code="x">Statistics</subfield>
    <subfield code="x">Periodicals.</subfield>
  </datafield>
  <datafield tag="651" ind1=" " ind2="4">
    <subfield code="a">Iowa</subfield>
    <subfield code="x">Statistics</subfield>
    <subfield code="v">Periodicals.</subfield>
  </datafield>
  <datafield tag="655" ind1=" " ind2="7">
    <subfield code="a">Periodicals.</subfield>
    <subfield code="2">fast</subfield>
    <subfield code="0">(OCoLC)fst01411641</subfield>
  </datafield>
  <datafield tag="655" ind1=" " ind2="7">
    <subfield code="a">Statistics.</subfield>
    <subfield code="2">fast</subfield>
    <subfield code="0">(OCoLC)fst01423727</subfield>
  </datafield>
  <datafield tag="776" ind1="0" ind2="8">
    <subfield code="i">Online version:</subfield>
    <subfield code="a">Iowa. Department of Employment Services.</subfield>
    <subfield code="t">Annual report</subfield>
    <subfield code="w">(OCoLC)1134576332</subfield>
  </datafield>
  <datafield tag="780" ind1="1" ind2="1">
    <subfield code="a">Iowa. Industrial Commissioner.</subfield>
    <subfield code="t">Biennial report of the Industrial Commissioner for the period ending June 30 ...</subfield>
    <subfield code="x">0737-5964</subfield>
    <subfield code="w">(DLC)   83642498</subfield>
    <subfield code="w">(OCoLC)9388539</subfield>
  </datafield>
  <datafield tag="780" ind1="1" ind2="1">
    <subfield code="a">Job Service of Iowa.</subfield>
    <subfield code="t">Annual report</subfield>
    <subfield code="x">0149-449X</subfield>
    <subfield code="w">(DLC)   77643366</subfield>
    <subfield code="w">(OCoLC)3475303</subfield>
  </datafield>
  <datafield tag="780" ind1="1" ind2="1">
    <subfield code="a">Iowa. Bureau of Labor.</subfield>
    <subfield code="t">Biennial report</subfield>
    <subfield code="w">(DLC)   08032578</subfield>
    <subfield code="w">(OCoLC)1753842</subfield>
  </datafield>
  <datafield tag="785" ind1="0" ind2="0">
    <subfield code="a">Iowa Workforce Development.</subfield>
    <subfield code="t">Iowa Workforce Development : [annual report]</subfield>
    <subfield code="w">(OCoLC)43574059</subfield>
  </datafield>
  <datafield tag="850" ind1=" " ind2=" ">
    <subfield code="a">DLC</subfield>
    <subfield code="a">MiEM</subfield>
    <subfield code="a">NIC</subfield>
    <subfield code="a">NN</subfield>
    <subfield code="a">NjP</subfield>
  </datafield>
  <datafield tag="853" ind1="2" ind2="0">
    <subfield code="8">1</subfield>
    <subfield code="a">+</subfield>
    <subfield code="i">(year)</subfield>
    <subfield code="w">a</subfield>
    <subfield code="x">00</subfield>
  </datafield>
  <datafield tag="863" ind1="4" ind2="0">
    <subfield code="8">1</subfield>
    <subfield code="a">&lt;1&gt;-</subfield>
    <subfield code="i">&lt;1987&gt;-</subfield>
    <subfield code="x">provisional</subfield>
  </datafield>
  <datafield tag="890" ind1=" " ind2=" ">
    <subfield code="a">Iowa.  Annual report (Iowa. Dept. of Employment Services)</subfield>
    <subfield code="i">90-644816</subfield>
  </datafield>
  <datafield tag="906" ind1=" " ind2=" ">
    <subfield code="a">7</subfield>
    <subfield code="b">cbc</subfield>
    <subfield code="c">serials</subfield>
    <subfield code="d">3</subfield>
    <subfield code="e">ncip</subfield>
    <subfield code="f">19</subfield>
    <subfield code="g">n-oclcserc</subfield>
  </datafield>
  <datafield tag="920" ind1=" " ind2=" ">
    <subfield code="a">Keep 1</subfield>
  </datafield>
  <datafield tag="991" ind1=" " ind2=" ">
    <subfield code="b">c-GenColl</subfield>
    <subfield code="h">HD5725.I8</subfield>
    <subfield code="i">I57a</subfield>
    <subfield code="w">SERIALS</subfield>
  </datafield>
  <datafield tag="992" ind1=" " ind2=" ">
    <subfield code="b">SER</subfield>
    <subfield code="w">SERLOC</subfield>
  </datafield>
</record>