
<record>
  <leader>02459cas a2200505 a 4500</leader>
  <controlfield tag="001">11372266</controlfield>
  <controlfield tag="005">20200104075740.0</controlfield>
  <controlfield tag="008">890926c19869999ncuuu    w   s0   a0eng c</controlfield>
  <datafield tag="010" ind1=" " ind2=" ">
    <subfield code="a">   90644939 </subfield>
  </datafield>
  <datafield tag="035" ind1=" " ind2=" ">
    <subfield code="a">(OCoLC)ocm20395792 </subfield>
  </datafield>
  <datafield tag="037" ind1=" " ind2=" ">
    <subfield code="b">North Carolina Dept. of Labor, 4 West Edenton St., Raleigh, NC 27601</subfield>
  </datafield>
  <datafield tag="040" ind1=" " ind2=" ">
    <subfield code="a">NDO</subfield>
    <subfield code="b">eng</subfield>
    <subfield code="c">NDO</subfield>
    <subfield code="d">DLC</subfield>
    <subfield code="d">HUL</subfield>
    <subfield code="d">DLC</subfield>
    <subfield code="d">NST</subfield>
    <subfield code="d">OCLCQ</subfield>
    <subfield code="d">OCLCF</subfield>
    <subfield code="d">OCLCO</subfield>
    <subfield code="d">OCLCA</subfield>
  </datafield>
  <datafield tag="042" ind1=" " ind2=" ">
    <subfield code="a">pcc</subfield>
  </datafield>
  <datafield tag="043" ind1=" " ind2=" ">
    <subfield code="a">n-us-nc</subfield>
  </datafield>
  <datafield tag="050" ind1="0" ind2="0">
    <subfield code="a">KFN7735</subfield>
    <subfield code="b">.A556</subfield>
  </datafield>
  <datafield tag="082" ind1="0" ind2="0">
    <subfield code="a">344.756/0465</subfield>
    <subfield code="a">347.5604465</subfield>
    <subfield code="2">20</subfield>
  </datafield>
  <datafield tag="245" ind1="0" ind2="0">
    <subfield code="a">North Carolina occupational safety and health decisions.</subfield>
  </datafield>
  <datafield tag="246" ind1="1" ind2="3">
    <subfield code="a">NCOSHD</subfield>
  </datafield>
  <datafield tag="260" ind1=" " ind2=" ">
    <subfield code="a">Raleigh, N.C. :</subfield>
    <subfield code="b">North Carolina Dept. of Labor,</subfield>
    <subfield code="c">1989-</subfield>
  </datafield>
  <datafield tag="300" ind1=" " ind2=" ">
    <subfield code="a">volumes ;</subfield>
    <subfield code="c">24 cm</subfield>
  </datafield>
  <datafield tag="336" ind1=" " ind2=" ">
    <subfield code="a">text</subfield>
    <subfield code="b">txt</subfield>
    <subfield code="2">rdacontent</subfield>
  </datafield>
  <datafield tag="337" ind1=" " ind2=" ">
    <subfield code="a">unmediated</subfield>
    <subfield code="b">n</subfield>
    <subfield code="2">rdamedia</subfield>
  </datafield>
  <datafield tag="338" ind1=" " ind2=" ">
    <subfield code="a">volume</subfield>
    <subfield code="b">nc</subfield>
    <subfield code="2">rdacarrier</subfield>
  </datafield>
  <datafield tag="362" ind1="0" ind2=" ">
    <subfield code="a">Vol. 1 (15 Mar. 1974-22 Jan. 1986)-</subfield>
  </datafield>
  <datafield tag="500" ind1=" " ind2=" ">
    <subfield code="a">&quot;The decisions in this volume resulted from contests of alleged violations of statutes, regulations and standards of the Occupational Safety and Health Act of North Carolina (OSHANC).&quot;</subfield>
  </datafield>
  <datafield tag="500" ind1=" " ind2=" ">
    <subfield code="a">Decisions in these volumes were rendered at both levels of the Safety and Health Review Board of North Carolina and at all levels of North Carolina state courts.</subfield>
  </datafield>
  <datafield tag="500" ind1=" " ind2=" ">
    <subfield code="a">Kept up-to-date by loose-leaf advance sheets.</subfield>
  </datafield>
  <datafield tag="588" ind1=" " ind2=" ">
    <subfield code="a">Latest issue consulted: Vol. 2 (17 June 1974-11 Feb. 1988).</subfield>
  </datafield>
  <datafield tag="590" ind1=" " ind2=" ">
    <subfield code="a">SERBIB/SERLOC merged record</subfield>
  </datafield>
  <datafield tag="650" ind1=" " ind2="0">
    <subfield code="a">Industrial safety</subfield>
    <subfield code="x">Law and legislation</subfield>
    <subfield code="z">North Carolina</subfield>
    <subfield code="v">Cases.</subfield>
  </datafield>
  <datafield tag="650" ind1=" " ind2="0">
    <subfield code="a">Industrial hygiene</subfield>
    <subfield code="x">Law and legislation</subfield>
    <subfield code="z">North Carolina</subfield>
    <subfield code="v">Cases.</subfield>
  </datafield>
  <datafield tag="650" ind1=" " ind2="7">
    <subfield code="a">Industrial hygiene</subfield>
    <subfield code="x">Law and legislation.</subfield>
    <subfield code="2">fast</subfield>
    <subfield code="0">(OCoLC)fst00971144</subfield>
  </datafield>
  <datafield tag="650" ind1=" " ind2="7">
    <subfield code="a">Industrial safety</subfield>
    <subfield code="x">Law and legislation.</subfield>
    <subfield code="2">fast</subfield>
    <subfield code="0">(OCoLC)fst00971688</subfield>
  </datafield>
  <datafield tag="651" ind1=" " ind2="7">
    <subfield code="a">North Carolina.</subfield>
    <subfield code="2">fast</subfield>
    <subfield code="0">(OCoLC)fst01204304</subfield>
  </datafield>
  <datafield tag="655" ind1=" " ind2="7">
    <subfield code="a">Trials, litigation, etc.</subfield>
    <subfield code="2">fast</subfield>
    <subfield code="0">(OCoLC)fst01423712</subfield>
  </datafield>
  <datafield tag="710" ind1="1" ind2=" ">
    <subfield code="a">North Carolina.</subfield>
    <subfield code="b">Department of Labor.</subfield>
  </datafield>
  <datafield tag="710" ind1="2" ind2=" ">
    <subfield code="a">Safety and Health Review Board of North Carolina.</subfield>
  </datafield>
  <datafield tag="710" ind1="1" ind2=" ">
    <subfield code="a">North Carolina.</subfield>
    <subfield code="t">Occupational Safety and Health Act of North Carolina.</subfield>
  </datafield>
  <datafield tag="776" ind1="0" ind2="8">
    <subfield code="i">Online version:</subfield>
    <subfield code="t">North Carolina occupational safety and health decisions</subfield>
    <subfield code="w">(OCoLC)1134565374</subfield>
  </datafield>
  <datafield tag="850" ind1=" " ind2=" ">
    <subfield code="a">DLC</subfield>
    <subfield code="a">MH-L</subfield>
    <subfield code="a">NcRS</subfield>
  </datafield>
  <datafield tag="890" ind1=" " ind2=" ">
    <subfield code="a">North Carolina.  North Carolina occupational safety and health decisions.</subfield>
    <subfield code="i">90-644939</subfield>
  </datafield>
  <datafield tag="906" ind1=" " ind2=" ">
    <subfield code="a">7</subfield>
    <subfield code="b">cbc</subfield>
    <subfield code="c">serials</subfield>
    <subfield code="d">2</subfield>
    <subfield code="e">ncip</subfield>
    <subfield code="f">19</subfield>
    <subfield code="g">n-oclcserc</subfield>
  </datafield>
  <datafield tag="920" ind1=" " ind2=" ">
    <subfield code="a">Keep 1</subfield>
  </datafield>
  <datafield tag="991" ind1=" " ind2=" ">
    <subfield code="b">c-LL</subfield>
    <subfield code="h">KFN7735</subfield>
    <subfield code="i">.A556</subfield>
    <subfield code="w">SERIALS</subfield>
  </datafield>
  <datafield tag="992" ind1=" " ind2=" ">
    <subfield code="b">B/L</subfield>
    <subfield code="w">SERLOC</subfield>
  </datafield>
</record>