
<record>
  <leader>01770cas a2200337 a 4500</leader>
  <controlfield tag="001">11373826</controlfield>
  <controlfield tag="005">20200104075739.0</controlfield>
  <controlfield tag="008">890914d19501950meugr        s0    0eng  </controlfield>
  <datafield tag="010" ind1=" " ind2=" ">
    <subfield code="a">   90648595 </subfield>
  </datafield>
  <datafield tag="035" ind1=" " ind2=" ">
    <subfield code="a">(OCoLC)ocm20344574 </subfield>
  </datafield>
  <datafield tag="040" ind1=" " ind2=" ">
    <subfield code="a">DLC</subfield>
    <subfield code="b">eng</subfield>
    <subfield code="c">DLC</subfield>
    <subfield code="d">NYG</subfield>
    <subfield code="d">DLC</subfield>
    <subfield code="d">OCLCQ</subfield>
    <subfield code="d">WIH</subfield>
    <subfield code="d">OCLCQ</subfield>
    <subfield code="d">OCLCF</subfield>
    <subfield code="d">OCLCA</subfield>
  </datafield>
  <datafield tag="042" ind1=" " ind2=" ">
    <subfield code="a">pcc</subfield>
  </datafield>
  <datafield tag="043" ind1=" " ind2=" ">
    <subfield code="a">n-us-me</subfield>
  </datafield>
  <datafield tag="050" ind1="0" ind2="0">
    <subfield code="a">JK2860.P4</subfield>
    <subfield code="b">A3</subfield>
  </datafield>
  <datafield tag="110" ind1="2" ind2=" ">
    <subfield code="a">Maine State Retirement System.</subfield>
    <subfield code="b">Board of Trustees.</subfield>
  </datafield>
  <datafield tag="245" ind1="1" ind2="0">
    <subfield code="a">Report of the Maine State Retirement System for the fiscal biennium ended June 30 ... as submitted by the Board of Trustees.</subfield>
  </datafield>
  <datafield tag="260" ind1=" " ind2=" ">
    <subfield code="a">[Augusta, Me.] :</subfield>
    <subfield code="b">The Board,</subfield>
    <subfield code="c">1950.</subfield>
  </datafield>
  <datafield tag="300" ind1=" " ind2=" ">
    <subfield code="a">1 v. ;</subfield>
    <subfield code="c">28 cm.</subfield>
  </datafield>
  <datafield tag="310" ind1=" " ind2=" ">
    <subfield code="a">Biennial</subfield>
  </datafield>
  <datafield tag="362" ind1="0" ind2=" ">
    <subfield code="a">1950.</subfield>
  </datafield>
  <datafield tag="650" ind1=" " ind2="0">
    <subfield code="a">Civil service</subfield>
    <subfield code="z">Maine</subfield>
    <subfield code="x">Pensions</subfield>
    <subfield code="v">Periodicals.</subfield>
  </datafield>
  <datafield tag="650" ind1=" " ind2="7">
    <subfield code="a">Civil service</subfield>
    <subfield code="x">Pensions.</subfield>
    <subfield code="2">fast</subfield>
    <subfield code="0">(OCoLC)fst00862789</subfield>
  </datafield>
  <datafield tag="651" ind1=" " ind2="7">
    <subfield code="a">Maine.</subfield>
    <subfield code="2">fast</subfield>
    <subfield code="0">(OCoLC)fst01204270</subfield>
  </datafield>
  <datafield tag="655" ind1=" " ind2="7">
    <subfield code="a">Periodicals.</subfield>
    <subfield code="2">fast</subfield>
    <subfield code="0">(OCoLC)fst01411641</subfield>
  </datafield>
  <datafield tag="776" ind1="0" ind2="8">
    <subfield code="i">Online version:</subfield>
    <subfield code="a">Maine State Retirement System. Board of Trustees.</subfield>
    <subfield code="t">Report of the Maine State Retirement System for the fiscal biennium ended June 30 ... as submitted by the Board of Trustees</subfield>
    <subfield code="w">(OCoLC)1134611006</subfield>
  </datafield>
  <datafield tag="780" ind1="0" ind2="0">
    <subfield code="a">State Employees&apos; Retirement System of the State of Maine. Board of Trustees.</subfield>
    <subfield code="t">Report of the State Employees&apos; Retirement System of the State of Maine for the fiscal biennium ended June 30 ... as submitted by the Board of Trustees</subfield>
    <subfield code="w">(DLC)   90648594</subfield>
    <subfield code="w">(OCoLC)20344253</subfield>
  </datafield>
  <datafield tag="785" ind1="0" ind2="0">
    <subfield code="a">Maine State Retirement System.</subfield>
    <subfield code="t">Report of the Maine State Retirement System for the fiscal biennium ended June 30</subfield>
    <subfield code="w">(DLC)   44042645</subfield>
    <subfield code="w">(OCoLC)6253383</subfield>
  </datafield>
  <datafield tag="850" ind1=" " ind2=" ">
    <subfield code="a">DLC</subfield>
    <subfield code="a">N</subfield>
  </datafield>
  <datafield tag="890" ind1=" " ind2=" ">
    <subfield code="a">Maine.  State Retirement System.  Report.</subfield>
  </datafield>
  <datafield tag="906" ind1=" " ind2=" ">
    <subfield code="a">7</subfield>
    <subfield code="b">cbc</subfield>
    <subfield code="c">serials</subfield>
    <subfield code="d">2</subfield>
    <subfield code="e">ncip</subfield>
    <subfield code="f">19</subfield>
    <subfield code="g">n-oclcserc</subfield>
  </datafield>
  <datafield tag="991" ind1=" " ind2=" ">
    <subfield code="b">c-GenColl</subfield>
    <subfield code="h">JK2860.P4</subfield>
    <subfield code="i">A3</subfield>
    <subfield code="w">SERIALS</subfield>
  </datafield>
</record>