
<record>
  <leader>03276cas a2200649 a 4500</leader>
  <controlfield tag="001">11435919</controlfield>
  <controlfield tag="005">20200104075749.0</controlfield>
  <controlfield tag="008">940816d19941994dcu x     r  f0   a0eng c</controlfield>
  <datafield tag="010" ind1=" " ind2=" ">
    <subfield code="a">   94641071 </subfield>
    <subfield code="z">sn 94028423 </subfield>
  </datafield>
  <datafield tag="016" ind1="7" ind2=" ">
    <subfield code="a">9439291</subfield>
    <subfield code="2">DNLM</subfield>
  </datafield>
  <datafield tag="016" ind1="7" ind2=" ">
    <subfield code="a">SR0082036</subfield>
    <subfield code="2">DNLM</subfield>
  </datafield>
  <datafield tag="022" ind1="0" ind2=" ">
    <subfield code="a">1078-6090</subfield>
    <subfield code="l">1078-6090</subfield>
    <subfield code="2">1</subfield>
  </datafield>
  <datafield tag="035" ind1=" " ind2=" ">
    <subfield code="a">(OCoLC)ocm30953365 </subfield>
  </datafield>
  <datafield tag="037" ind1=" " ind2=" ">
    <subfield code="b">National Institute on Deafness and Other Communication Disorders, (NIDCD) Information Clearinghouse, P.O. Box 37777, Washington, DC 20013-7777</subfield>
  </datafield>
  <datafield tag="040" ind1=" " ind2=" ">
    <subfield code="a">GPO</subfield>
    <subfield code="b">eng</subfield>
    <subfield code="c">GPO</subfield>
    <subfield code="d">OCL</subfield>
    <subfield code="d">DLC</subfield>
    <subfield code="d">NSD</subfield>
    <subfield code="d">HUL</subfield>
    <subfield code="d">NLM</subfield>
    <subfield code="d">DLC</subfield>
    <subfield code="d">EYM</subfield>
    <subfield code="d">DLC</subfield>
    <subfield code="d">NLM</subfield>
    <subfield code="d">OCLCQ</subfield>
    <subfield code="d">OCLCF</subfield>
    <subfield code="d">OCLCO</subfield>
    <subfield code="d">OCLCQ</subfield>
    <subfield code="d">OCLCO</subfield>
    <subfield code="d">OCLCA</subfield>
  </datafield>
  <datafield tag="042" ind1=" " ind2=" ">
    <subfield code="a">pcc</subfield>
    <subfield code="a">nsdp</subfield>
  </datafield>
  <datafield tag="043" ind1=" " ind2=" ">
    <subfield code="a">n-us---</subfield>
  </datafield>
  <datafield tag="050" ind1="0" ind2="0">
    <subfield code="a">HV2510</subfield>
    <subfield code="b">.D58</subfield>
  </datafield>
  <datafield tag="060" ind1="0" ind2="0">
    <subfield code="a">WV 22 AA1</subfield>
    <subfield code="b">D5</subfield>
  </datafield>
  <datafield tag="074" ind1=" " ind2=" ">
    <subfield code="a">0506-A-19</subfield>
  </datafield>
  <datafield tag="082" ind1="0" ind2="0">
    <subfield code="a">362.4/28/02573</subfield>
    <subfield code="2">20</subfield>
  </datafield>
  <datafield tag="086" ind1="0" ind2=" ">
    <subfield code="a">HE 20.3037/2:D 34/</subfield>
  </datafield>
  <datafield tag="210" ind1="0" ind2=" ">
    <subfield code="a">Dir. resour. deaf. commun. disord.</subfield>
  </datafield>
  <datafield tag="222" ind1=" " ind2="0">
    <subfield code="a">Directory, resources for deafness and other communication disorders</subfield>
  </datafield>
  <datafield tag="245" ind1="0" ind2="0">
    <subfield code="a">Directory, resources for deafness and other communication disorders /</subfield>
    <subfield code="c">National Institute on Deafness and Other Communication Disorders, (NIDCD) Information Clearinghouse.</subfield>
  </datafield>
  <datafield tag="246" ind1="1" ind2="0">
    <subfield code="a">Resources for deafness and other communication disorders</subfield>
  </datafield>
  <datafield tag="260" ind1=" " ind2=" ">
    <subfield code="a">Washington, DC :</subfield>
    <subfield code="b">The Clearinghouse,</subfield>
    <subfield code="c">[1994?]</subfield>
  </datafield>
  <datafield tag="300" ind1=" " ind2=" ">
    <subfield code="a">1 volume ;</subfield>
    <subfield code="c">23 cm.</subfield>
  </datafield>
  <datafield tag="336" ind1=" " ind2=" ">
    <subfield code="a">text</subfield>
    <subfield code="b">txt</subfield>
    <subfield code="2">rdacontent</subfield>
  </datafield>
  <datafield tag="337" ind1=" " ind2=" ">
    <subfield code="a">unmediated</subfield>
    <subfield code="b">n</subfield>
    <subfield code="2">rdamedia</subfield>
  </datafield>
  <datafield tag="338" ind1=" " ind2=" ">
    <subfield code="a">volume</subfield>
    <subfield code="b">nc</subfield>
    <subfield code="2">rdacarrier</subfield>
  </datafield>
  <datafield tag="362" ind1="0" ind2=" ">
    <subfield code="a">1994.</subfield>
  </datafield>
  <datafield tag="490" ind1="1" ind2=" ">
    <subfield code="a">Administrative document / National Institute on Deafness and Other Communication Disorders, National Institutes of Health, U.S. Department of Health and Human Services</subfield>
  </datafield>
  <datafield tag="515" ind1=" " ind2=" ">
    <subfield code="a">Also called 3rd ed.</subfield>
  </datafield>
  <datafield tag="590" ind1=" " ind2=" ">
    <subfield code="a">SERBIB/SERLOC merged record</subfield>
  </datafield>
  <datafield tag="650" ind1=" " ind2="0">
    <subfield code="a">Deaf</subfield>
    <subfield code="x">Services for</subfield>
    <subfield code="z">United States</subfield>
    <subfield code="v">Directories.</subfield>
  </datafield>
  <datafield tag="650" ind1=" " ind2="0">
    <subfield code="a">Hearing impaired</subfield>
    <subfield code="x">Services for</subfield>
    <subfield code="z">United States</subfield>
    <subfield code="v">Directories.</subfield>
  </datafield>
  <datafield tag="650" ind1=" " ind2="0">
    <subfield code="a">Communicative disorders</subfield>
    <subfield code="z">United States</subfield>
    <subfield code="x">Information services</subfield>
    <subfield code="v">Directories.</subfield>
  </datafield>
  <datafield tag="650" ind1=" " ind2="7">
    <subfield code="a">Communicative disorders</subfield>
    <subfield code="x">Information services.</subfield>
    <subfield code="2">fast</subfield>
    <subfield code="0">(OCoLC)fst00870376</subfield>
  </datafield>
  <datafield tag="650" ind1=" " ind2="7">
    <subfield code="a">Deaf</subfield>
    <subfield code="x">Services for.</subfield>
    <subfield code="2">fast</subfield>
    <subfield code="0">(OCoLC)fst00888517</subfield>
  </datafield>
  <datafield tag="650" ind1=" " ind2="7">
    <subfield code="a">Hearing impaired</subfield>
    <subfield code="x">Services for.</subfield>
    <subfield code="2">fast</subfield>
    <subfield code="0">(OCoLC)fst00953463</subfield>
  </datafield>
  <datafield tag="651" ind1=" " ind2="7">
    <subfield code="a">United States.</subfield>
    <subfield code="2">fast</subfield>
    <subfield code="0">(OCoLC)fst01204155</subfield>
  </datafield>
  <datafield tag="650" ind1=" " ind2="2">
    <subfield code="a">Communication Disorders.</subfield>
  </datafield>
  <datafield tag="651" ind1=" " ind2="2">
    <subfield code="a">United States.</subfield>
  </datafield>
  <datafield tag="655" ind1=" " ind2="7">
    <subfield code="a">Directories.</subfield>
    <subfield code="2">fast</subfield>
    <subfield code="0">(OCoLC)fst01423796</subfield>
  </datafield>
  <datafield tag="655" ind1=" " ind2="2">
    <subfield code="a">Directory.</subfield>
  </datafield>
  <datafield tag="710" ind1="2" ind2=" ">
    <subfield code="a">National Institute on Deafness and Other Communication Disorders (U.S.).</subfield>
    <subfield code="b">Information Clearinghouse.</subfield>
  </datafield>
  <datafield tag="776" ind1="0" ind2="8">
    <subfield code="i">Online version:</subfield>
    <subfield code="t">Directory, resources for deafness and other communication disorders</subfield>
    <subfield code="w">(OCoLC)1134689911</subfield>
  </datafield>
  <datafield tag="780" ind1="0" ind2="0">
    <subfield code="t">Directory, associations and organizations with an interest in deafness and other communication disorders</subfield>
    <subfield code="w">(OCoLC)30332659</subfield>
  </datafield>
  <datafield tag="785" ind1="0" ind2="0">
    <subfield code="t">Directory, information resources for human communication disorders</subfield>
    <subfield code="w">(DLC)sn 99040899</subfield>
    <subfield code="w">(OCoLC)35906924</subfield>
  </datafield>
  <datafield tag="830" ind1=" " ind2="0">
    <subfield code="a">Administrative document (National Institute on Deafness and Other Communication Disorders (U.S.))</subfield>
  </datafield>
  <datafield tag="850" ind1=" " ind2=" ">
    <subfield code="a">DLC</subfield>
    <subfield code="a">DNLM</subfield>
    <subfield code="a">MBCo</subfield>
    <subfield code="a">MiU</subfield>
  </datafield>
  <datafield tag="890" ind1=" " ind2=" ">
    <subfield code="a">United States.  Directory, resources for deafness and other communication disorders.</subfield>
    <subfield code="i">94-641071</subfield>
  </datafield>
  <datafield tag="906" ind1=" " ind2=" ">
    <subfield code="a">7</subfield>
    <subfield code="b">cbc</subfield>
    <subfield code="c">serials</subfield>
    <subfield code="d">u</subfield>
    <subfield code="e">ncip</subfield>
    <subfield code="f">20</subfield>
    <subfield code="g">n-oclcserc</subfield>
  </datafield>
  <datafield tag="920" ind1=" " ind2=" ">
    <subfield code="a">Keep 1</subfield>
  </datafield>
  <datafield tag="991" ind1=" " ind2=" ">
    <subfield code="b">c-GenColl</subfield>
    <subfield code="h">HV2510</subfield>
    <subfield code="i">.D58</subfield>
    <subfield code="w">SERIALS</subfield>
  </datafield>
  <datafield tag="992" ind1=" " ind2=" ">
    <subfield code="b">call x7-5305</subfield>
    <subfield code="w">SERLOC</subfield>
  </datafield>
</record>