
<record>
  <leader>02107cas a2200469 a 4500</leader>
  <controlfield tag="001">11450341</controlfield>
  <controlfield tag="005">20200104075746.0</controlfield>
  <controlfield tag="008">930429d198u199unbugr     s  s0    0eng c</controlfield>
  <datafield tag="010" ind1=" " ind2=" ">
    <subfield code="a">   95640383 </subfield>
  </datafield>
  <datafield tag="035" ind1=" " ind2=" ">
    <subfield code="a">(OCoLC)ocm28004557 </subfield>
  </datafield>
  <datafield tag="040" ind1=" " ind2=" ">
    <subfield code="a">SBL</subfield>
    <subfield code="b">eng</subfield>
    <subfield code="c">SBL</subfield>
    <subfield code="d">DLC</subfield>
    <subfield code="d">HVL</subfield>
    <subfield code="d">SYS</subfield>
    <subfield code="d">DLC</subfield>
    <subfield code="d">OCLCQ</subfield>
    <subfield code="d">OCLCF</subfield>
    <subfield code="d">OCLCO</subfield>
    <subfield code="d">OCLCA</subfield>
  </datafield>
  <datafield tag="042" ind1=" " ind2=" ">
    <subfield code="a">pcc</subfield>
  </datafield>
  <datafield tag="043" ind1=" " ind2=" ">
    <subfield code="a">n-us-nb</subfield>
  </datafield>
  <datafield tag="050" ind1="0" ind2="0">
    <subfield code="a">HD4903.5.U6</subfield>
    <subfield code="b">N165</subfield>
  </datafield>
  <datafield tag="082" ind1="0" ind2="0">
    <subfield code="a">353.9/782/0083</subfield>
  </datafield>
  <datafield tag="110" ind1="1" ind2=" ">
    <subfield code="a">Nebraska.</subfield>
    <subfield code="b">Equal Opportunity Commission.</subfield>
  </datafield>
  <datafield tag="245" ind1="1" ind2="0">
    <subfield code="a">Biennial report /</subfield>
    <subfield code="c">Equal Opportunity Commission.</subfield>
  </datafield>
  <datafield tag="260" ind1=" " ind2=" ">
    <subfield code="a">Lincoln, Neb. :</subfield>
    <subfield code="b">The Commission</subfield>
  </datafield>
  <datafield tag="300" ind1=" " ind2=" ">
    <subfield code="a">v. :</subfield>
    <subfield code="b">ill. ;</subfield>
    <subfield code="c">28 cm.</subfield>
  </datafield>
  <datafield tag="310" ind1=" " ind2=" ">
    <subfield code="a">Biennial</subfield>
  </datafield>
  <datafield tag="515" ind1=" " ind2=" ">
    <subfield code="a">Vol. for fiscal year 1994/95 and 1995/96 lacks numerical designation.</subfield>
  </datafield>
  <datafield tag="588" ind1=" " ind2=" ">
    <subfield code="a">Description based on: 15th (fiscal years 1982/83 and 1983/84); title from cover.</subfield>
  </datafield>
  <datafield tag="588" ind1=" " ind2=" ">
    <subfield code="a">Latest issue consulted: 22nd (fiscal year 1996/1997 and 1997/98).</subfield>
  </datafield>
  <datafield tag="590" ind1=" " ind2=" ">
    <subfield code="a">SERBIB/SERLOC merged record</subfield>
  </datafield>
  <datafield tag="610" ind1="1" ind2="0">
    <subfield code="a">Nebraska.</subfield>
    <subfield code="b">Equal Opportunity Commission</subfield>
    <subfield code="v">Periodicals.</subfield>
  </datafield>
  <datafield tag="610" ind1="1" ind2="7">
    <subfield code="a">Nebraska.</subfield>
    <subfield code="b">Equal Opportunity Commission.</subfield>
    <subfield code="2">fast</subfield>
    <subfield code="0">(OCoLC)fst00712917</subfield>
  </datafield>
  <datafield tag="650" ind1=" " ind2="0">
    <subfield code="a">Discrimination in employment</subfield>
    <subfield code="z">Nebraska</subfield>
    <subfield code="v">Periodicals.</subfield>
  </datafield>
  <datafield tag="650" ind1=" " ind2="7">
    <subfield code="a">Discrimination in employment.</subfield>
    <subfield code="2">fast</subfield>
    <subfield code="0">(OCoLC)fst00895050</subfield>
  </datafield>
  <datafield tag="651" ind1=" " ind2="7">
    <subfield code="a">Nebraska.</subfield>
    <subfield code="2">fast</subfield>
    <subfield code="0">(OCoLC)fst01208998</subfield>
  </datafield>
  <datafield tag="655" ind1=" " ind2="7">
    <subfield code="a">Periodicals.</subfield>
    <subfield code="2">fast</subfield>
    <subfield code="0">(OCoLC)fst01411641</subfield>
  </datafield>
  <datafield tag="776" ind1="0" ind2="8">
    <subfield code="i">Online version:</subfield>
    <subfield code="a">Nebraska. Equal Opportunity Commission.</subfield>
    <subfield code="t">Biennial report</subfield>
    <subfield code="w">(OCoLC)1134589435</subfield>
  </datafield>
  <datafield tag="780" ind1="0" ind2="0">
    <subfield code="a">Nebraska. Equal Opportunity Commission.</subfield>
    <subfield code="t">Annual report - Nebraska Equal Opportunity Commission</subfield>
    <subfield code="w">(DLC)   73642313</subfield>
    <subfield code="w">(OCoLC)1785837</subfield>
  </datafield>
  <datafield tag="785" ind1="0" ind2="0">
    <subfield code="a">Nebraska. Equal Opportunity Commission.</subfield>
    <subfield code="s">Annual report (1999).</subfield>
    <subfield code="t">Annual report</subfield>
    <subfield code="w">(DLC)  2007200072</subfield>
    <subfield code="w">(OCoLC)53984085</subfield>
  </datafield>
  <datafield tag="850" ind1=" " ind2=" ">
    <subfield code="a">DLC</subfield>
  </datafield>
  <datafield tag="853" ind1="3" ind2="3">
    <subfield code="8">1</subfield>
    <subfield code="a">+</subfield>
    <subfield code="i">(year/year)</subfield>
    <subfield code="w">g</subfield>
  </datafield>
  <datafield tag="863" ind1="4" ind2="0">
    <subfield code="8">1</subfield>
    <subfield code="a">&lt;18&gt;-</subfield>
    <subfield code="i">&lt;1988/1990&gt;-</subfield>
    <subfield code="x">provisional</subfield>
  </datafield>
  <datafield tag="890" ind1=" " ind2=" ">
    <subfield code="a">Nebraska.  Biennial report (Nebraska.  Equal Opportunity Commission)</subfield>
    <subfield code="i">95-640383</subfield>
  </datafield>
  <datafield tag="906" ind1=" " ind2=" ">
    <subfield code="a">7</subfield>
    <subfield code="b">cbc</subfield>
    <subfield code="c">serials</subfield>
    <subfield code="d">u</subfield>
    <subfield code="e">ncip</subfield>
    <subfield code="f">19</subfield>
    <subfield code="g">n-oclcserc</subfield>
  </datafield>
  <datafield tag="920" ind1=" " ind2=" ">
    <subfield code="a">Keep 1</subfield>
  </datafield>
  <datafield tag="984" ind1=" " ind2=" ">
    <subfield code="a">srvf</subfield>
    <subfield code="d">2001-04-03</subfield>
  </datafield>
  <datafield tag="991" ind1=" " ind2=" ">
    <subfield code="b">c-GenColl</subfield>
    <subfield code="h">HD4903.5.U6</subfield>
    <subfield code="i">N165</subfield>
    <subfield code="w">SERIALS</subfield>
  </datafield>
  <datafield tag="992" ind1=" " ind2=" ">
    <subfield code="b">SER</subfield>
    <subfield code="w">SERLOC</subfield>
  </datafield>
</record>