
<record>
  <leader>03177cas a2200661 a 4500</leader>
  <controlfield tag="001">11450965</controlfield>
  <controlfield tag="005">20200104075718.0</controlfield>
  <controlfield tag="008">811112c19759999fr qx p       0   b0fre c</controlfield>
  <datafield tag="010" ind1=" " ind2=" ">
    <subfield code="a">   95641414 </subfield>
    <subfield code="z">sn 86010393 </subfield>
  </datafield>
  <datafield tag="016" ind1="7" ind2=" ">
    <subfield code="a">0222052</subfield>
    <subfield code="2">DNLM</subfield>
  </datafield>
  <datafield tag="016" ind1="7" ind2=" ">
    <subfield code="a">H16020000</subfield>
    <subfield code="2">DNLM</subfield>
  </datafield>
  <datafield tag="022" ind1=" " ind2=" ">
    <subfield code="a">0439-4216</subfield>
    <subfield code="l">0439-4216</subfield>
    <subfield code="y">0339-543X</subfield>
    <subfield code="2">7</subfield>
  </datafield>
  <datafield tag="030" ind1=" " ind2=" ">
    <subfield code="a">HMMEAV</subfield>
  </datafield>
  <datafield tag="035" ind1=" " ind2=" ">
    <subfield code="a">(OCoLC)ocm07929918 </subfield>
  </datafield>
  <datafield tag="040" ind1=" " ind2=" ">
    <subfield code="a">NOC</subfield>
    <subfield code="b">eng</subfield>
    <subfield code="c">NOC</subfield>
    <subfield code="d">OCL</subfield>
    <subfield code="d">AIP</subfield>
    <subfield code="d">DLC</subfield>
    <subfield code="d">IUL</subfield>
    <subfield code="d">WAU</subfield>
    <subfield code="d">IUL</subfield>
    <subfield code="d">CLU</subfield>
    <subfield code="d">NLM</subfield>
    <subfield code="d">OCLCQ</subfield>
    <subfield code="d">WAU</subfield>
    <subfield code="d">OCL</subfield>
    <subfield code="d">OCLCA</subfield>
    <subfield code="d">CUS</subfield>
    <subfield code="d">HUL</subfield>
    <subfield code="d">CUT</subfield>
    <subfield code="d">OCLCQ</subfield>
    <subfield code="d">IUL</subfield>
    <subfield code="d">OCLCQ</subfield>
    <subfield code="d">EYM</subfield>
    <subfield code="d">HUL</subfield>
    <subfield code="d">BUF</subfield>
    <subfield code="d">ORZ</subfield>
    <subfield code="d">OCLCQ</subfield>
    <subfield code="d">OCLCF</subfield>
    <subfield code="d">HUL</subfield>
    <subfield code="d">DLC</subfield>
    <subfield code="d">OCLCQ</subfield>
    <subfield code="d">OCLCO</subfield>
    <subfield code="d">OCLCA</subfield>
    <subfield code="d">IUL</subfield>
    <subfield code="d">CUY</subfield>
  </datafield>
  <datafield tag="041" ind1="0" ind2=" ">
    <subfield code="a">fre</subfield>
    <subfield code="a">eng</subfield>
  </datafield>
  <datafield tag="042" ind1=" " ind2=" ">
    <subfield code="a">nsdp</subfield>
    <subfield code="a">pcc</subfield>
  </datafield>
  <datafield tag="050" ind1="0" ind2="0">
    <subfield code="a">GN1</subfield>
    <subfield code="b">.H68</subfield>
  </datafield>
  <datafield tag="060" ind1="0" ind2="0">
    <subfield code="a">W1</subfield>
    <subfield code="b">HO519R</subfield>
  </datafield>
  <datafield tag="130" ind1="0" ind2=" ">
    <subfield code="a">Homme (École des hautes études en sciences sociales)</subfield>
  </datafield>
  <datafield tag="210" ind1="0" ind2=" ">
    <subfield code="a">Homme</subfield>
    <subfield code="b">(Paris, 1961)</subfield>
  </datafield>
  <datafield tag="222" ind1=" " ind2="2">
    <subfield code="a">L&apos;Homme</subfield>
    <subfield code="b">(Paris, 1961)</subfield>
  </datafield>
  <datafield tag="245" ind1="1" ind2="2">
    <subfield code="a">L&apos;homme :</subfield>
    <subfield code="b">revue française d&apos;anthropologie /</subfield>
    <subfield code="c">publiée par l&apos;École des hautes études en sciences sociales avec le concours du Centre national de la recherche scientifique.</subfield>
  </datafield>
  <datafield tag="264" ind1=" " ind2="1">
    <subfield code="a">Paris :</subfield>
    <subfield code="b">Mouton &amp; Co.,</subfield>
    <subfield code="c">[1975?-]</subfield>
  </datafield>
  <datafield tag="264" ind1="3" ind2="1">
    <subfield code="3">&lt;2019-&gt; :</subfield>
    <subfield code="a">[Paris] :</subfield>
    <subfield code="b">Éditions de l&apos;École des hautes études en sciences sociales</subfield>
  </datafield>
  <datafield tag="300" ind1=" " ind2=" ">
    <subfield code="a">volumes :</subfield>
    <subfield code="b">illustrations ;</subfield>
    <subfield code="c">25 cm</subfield>
  </datafield>
  <datafield tag="310" ind1=" " ind2=" ">
    <subfield code="a">4 numbers a year</subfield>
  </datafield>
  <datafield tag="336" ind1=" " ind2=" ">
    <subfield code="a">text</subfield>
    <subfield code="b">txt</subfield>
    <subfield code="2">rdacontent</subfield>
  </datafield>
  <datafield tag="337" ind1=" " ind2=" ">
    <subfield code="a">unmediated</subfield>
    <subfield code="b">n</subfield>
    <subfield code="2">rdamedia</subfield>
  </datafield>
  <datafield tag="338" ind1=" " ind2=" ">
    <subfield code="a">volume</subfield>
    <subfield code="b">nc</subfield>
    <subfield code="2">rdacarrier</subfield>
  </datafield>
  <datafield tag="362" ind1="0" ind2=" ">
    <subfield code="a">T. 15, no 1 (janv.-mars 1975)-t. 24, no 4 (oct.-déc. 1984) ; t. 25, no 93 (janv.-mars 1985)-37. année, no 144 (oct.-déc. 1997) ; no 145 (janv.-mars 1998)-</subfield>
  </datafield>
  <datafield tag="500" ind1=" " ind2=" ">
    <subfield code="a">Some vols. accompanied by CD-ROM.</subfield>
  </datafield>
  <datafield tag="515" ind1=" " ind2=" ">
    <subfield code="a">Some issues combined.</subfield>
  </datafield>
  <datafield tag="546" ind1=" " ind2=" ">
    <subfield code="a">Chiefly in French, some also in English</subfield>
  </datafield>
  <datafield tag="555" ind1=" " ind2=" ">
    <subfield code="a">1961-1983. 1 v. (includes index to earlier title); 1984-1994. 1 v.; 1984-1996. 1 v.</subfield>
  </datafield>
  <datafield tag="588" ind1=" " ind2=" ">
    <subfield code="a">Latest issue consulted: 231/232 (juillet/décembre 2019)</subfield>
  </datafield>
  <datafield tag="590" ind1=" " ind2=" ">
    <subfield code="a">SERBIB/SERLOC merged record</subfield>
  </datafield>
  <datafield tag="650" ind1=" " ind2="0">
    <subfield code="a">Anthropology</subfield>
    <subfield code="v">Periodicals.</subfield>
  </datafield>
  <datafield tag="650" ind1=" " ind2="7">
    <subfield code="a">Anthropology.</subfield>
    <subfield code="2">fast</subfield>
    <subfield code="0">(OCoLC)fst00810196</subfield>
  </datafield>
  <datafield tag="650" ind1=" " ind2="2">
    <subfield code="a">Anthropology.</subfield>
    <subfield code="0">https://id.nlm.nih.gov/mesh/D000883</subfield>
  </datafield>
  <datafield tag="655" ind1=" " ind2="7">
    <subfield code="a">Periodicals.</subfield>
    <subfield code="2">fast</subfield>
    <subfield code="0">(OCoLC)fst01411641</subfield>
  </datafield>
  <datafield tag="655" ind1=" " ind2="2">
    <subfield code="a">Periodicals.</subfield>
    <subfield code="0">https://id.nlm.nih.gov/mesh/D020492</subfield>
  </datafield>
  <datafield tag="710" ind1="2" ind2=" ">
    <subfield code="a">École des hautes études en sciences sociales.</subfield>
  </datafield>
  <datafield tag="710" ind1="2" ind2=" ">
    <subfield code="a">Centre national de la recherche scientifique (France)</subfield>
  </datafield>
  <datafield tag="776" ind1="0" ind2="8">
    <subfield code="i">Online version:</subfield>
    <subfield code="t">Homme</subfield>
    <subfield code="x">1953-8103</subfield>
    <subfield code="w">(DLC)  2010234985</subfield>
    <subfield code="w">(OCoLC)60463674</subfield>
  </datafield>
  <datafield tag="780" ind1="0" ind2="0">
    <subfield code="t">Homme (École pratique des hautes études (France). Section des sciences économiques et sociales)</subfield>
    <subfield code="x">0439-4216</subfield>
    <subfield code="w">(DLC)   64030096</subfield>
    <subfield code="w">(OCoLC)1752231</subfield>
  </datafield>
  <datafield tag="850" ind1=" " ind2=" ">
    <subfield code="a">DLC</subfield>
    <subfield code="a">InU</subfield>
    <subfield code="a">WaU</subfield>
  </datafield>
  <datafield tag="859" ind1="4" ind2="1">
    <subfield code="u">http://bibpurl.oclc.org/web/25711</subfield>
    <subfield code="u">http://www.persee.fr/web/revues/home/prescript/revue/hom</subfield>
  </datafield>
  <datafield tag="859" ind1="4" ind2="1">
    <subfield code="u">http://www.jstor.org/journals/04394216.html</subfield>
  </datafield>
  <datafield tag="853" ind1="2" ind2="0">
    <subfield code="8">1</subfield>
    <subfield code="a">T.</subfield>
    <subfield code="b">no.</subfield>
    <subfield code="u">4</subfield>
    <subfield code="v">r</subfield>
    <subfield code="i">(year)</subfield>
    <subfield code="j">(month)</subfield>
    <subfield code="w">4</subfield>
  </datafield>
  <datafield tag="863" ind1="4" ind2="1">
    <subfield code="8">1.1</subfield>
    <subfield code="a">&lt;15&gt;</subfield>
    <subfield code="b">&lt;1&gt;</subfield>
    <subfield code="i">&lt;1975&gt;</subfield>
    <subfield code="j">&lt;01&gt;</subfield>
  </datafield>
  <datafield tag="890" ind1=" " ind2=" ">
    <subfield code="a">Homme (Ecole des hautes études en sciences sociales)</subfield>
    <subfield code="i">95-641414</subfield>
  </datafield>
  <datafield tag="906" ind1=" " ind2=" ">
    <subfield code="a">7</subfield>
    <subfield code="b">cbc</subfield>
    <subfield code="c">serials</subfield>
    <subfield code="d">u</subfield>
    <subfield code="e">ncip</subfield>
    <subfield code="f">19</subfield>
    <subfield code="g">n-oclcserc</subfield>
  </datafield>
  <datafield tag="920" ind1=" " ind2=" ">
    <subfield code="a">Keep 1</subfield>
  </datafield>
  <datafield tag="925" ind1="0" ind2=" ">
    <subfield code="a">acquire</subfield>
    <subfield code="b">1 shelf copy</subfield>
    <subfield code="x">policy default</subfield>
  </datafield>
  <datafield tag="984" ind1=" " ind2=" ">
    <subfield code="a">srvf</subfield>
    <subfield code="d">2001-03-15</subfield>
  </datafield>
  <datafield tag="991" ind1=" " ind2=" ">
    <subfield code="b">c-GenColl</subfield>
    <subfield code="h">GN1</subfield>
    <subfield code="i">.H68</subfield>
    <subfield code="w">SERIALS</subfield>
  </datafield>
  <datafield tag="992" ind1=" " ind2=" ">
    <subfield code="b">SER</subfield>
    <subfield code="w">SERLOC</subfield>
  </datafield>
</record>