
<record>
  <leader>02266cas a2200457 a 4500</leader>
  <controlfield tag="001">11493494</controlfield>
  <controlfield tag="005">20200104075735.0</controlfield>
  <controlfield tag="008">871118d19411944nyuar     s  s0    0eng c</controlfield>
  <datafield tag="010" ind1=" " ind2=" ">
    <subfield code="a">sf 98085072 </subfield>
    <subfield code="z">sn 87029764 </subfield>
  </datafield>
  <datafield tag="035" ind1=" " ind2=" ">
    <subfield code="a">(OCoLC)ocm16997246 </subfield>
  </datafield>
  <datafield tag="040" ind1=" " ind2=" ">
    <subfield code="a">NYG</subfield>
    <subfield code="b">eng</subfield>
    <subfield code="c">NYG</subfield>
    <subfield code="d">OCL</subfield>
    <subfield code="d">DLC</subfield>
    <subfield code="d">HVL</subfield>
    <subfield code="d">OCLCQ</subfield>
    <subfield code="d">OCLCF</subfield>
    <subfield code="d">OCLCO</subfield>
  </datafield>
  <datafield tag="042" ind1=" " ind2=" ">
    <subfield code="a">pcc</subfield>
    <subfield code="a">premarc</subfield>
  </datafield>
  <datafield tag="043" ind1=" " ind2=" ">
    <subfield code="a">n-us-ny</subfield>
  </datafield>
  <datafield tag="050" ind1="0" ind2="0">
    <subfield code="a">JS1236</subfield>
    <subfield code="b">.A17</subfield>
  </datafield>
  <datafield tag="110" ind1="1" ind2=" ">
    <subfield code="a">New York (State).</subfield>
    <subfield code="b">Court of Special Sessions (New York)</subfield>
  </datafield>
  <datafield tag="245" ind1="1" ind2="0">
    <subfield code="a">Annual report for the calendar year ... /</subfield>
    <subfield code="c">the City of New York, Court of Special Sessions.</subfield>
  </datafield>
  <datafield tag="260" ind1=" " ind2=" ">
    <subfield code="a">[New York, N.Y.] :</subfield>
    <subfield code="b">The Court,</subfield>
    <subfield code="c">[1942-1945]</subfield>
  </datafield>
  <datafield tag="300" ind1=" " ind2=" ">
    <subfield code="a">4 v. ;</subfield>
    <subfield code="c">23 cm.</subfield>
  </datafield>
  <datafield tag="310" ind1=" " ind2=" ">
    <subfield code="a">Annual</subfield>
  </datafield>
  <datafield tag="362" ind1="0" ind2=" ">
    <subfield code="a">1941-1944.</subfield>
  </datafield>
  <datafield tag="580" ind1=" " ind2=" ">
    <subfield code="a">Continues: New York (State). Court of Special Sessions (New York). Report for the year ending ...</subfield>
  </datafield>
  <datafield tag="580" ind1=" " ind2=" ">
    <subfield code="a">Continued by: New York (State). Court of Special Sessions (New York). Report for the year ending ... (1945).</subfield>
  </datafield>
  <datafield tag="590" ind1=" " ind2=" ">
    <subfield code="a">SERBIB/SERLOC merged record</subfield>
  </datafield>
  <datafield tag="650" ind1=" " ind2="0">
    <subfield code="a">Criminal statistics</subfield>
    <subfield code="z">New York (State)</subfield>
    <subfield code="z">New York</subfield>
    <subfield code="v">Periodicals.</subfield>
  </datafield>
  <datafield tag="650" ind1=" " ind2="0">
    <subfield code="a">Juvenile courts</subfield>
    <subfield code="z">New York (State)</subfield>
    <subfield code="z">New York</subfield>
    <subfield code="v">Statistics</subfield>
    <subfield code="v">Periodicals.</subfield>
  </datafield>
  <datafield tag="650" ind1=" " ind2="0">
    <subfield code="a">Child welfare</subfield>
    <subfield code="z">New York (State)</subfield>
    <subfield code="z">New York</subfield>
    <subfield code="v">Statistics</subfield>
    <subfield code="v">Periodicals.</subfield>
  </datafield>
  <datafield tag="650" ind1=" " ind2="7">
    <subfield code="a">Child welfare.</subfield>
    <subfield code="2">fast</subfield>
    <subfield code="0">(OCoLC)fst00854709</subfield>
  </datafield>
  <datafield tag="650" ind1=" " ind2="7">
    <subfield code="a">Criminal statistics.</subfield>
    <subfield code="2">fast</subfield>
    <subfield code="0">(OCoLC)fst00883500</subfield>
  </datafield>
  <datafield tag="650" ind1=" " ind2="7">
    <subfield code="a">Juvenile courts.</subfield>
    <subfield code="2">fast</subfield>
    <subfield code="0">(OCoLC)fst00985305</subfield>
  </datafield>
  <datafield tag="651" ind1=" " ind2="7">
    <subfield code="a">New York (State)</subfield>
    <subfield code="z">New York.</subfield>
    <subfield code="2">fast</subfield>
    <subfield code="0">(OCoLC)fst01204333</subfield>
  </datafield>
  <datafield tag="655" ind1=" " ind2="7">
    <subfield code="a">Periodicals.</subfield>
    <subfield code="2">fast</subfield>
    <subfield code="0">(OCoLC)fst01411641</subfield>
  </datafield>
  <datafield tag="655" ind1=" " ind2="7">
    <subfield code="a">Statistics.</subfield>
    <subfield code="2">fast</subfield>
    <subfield code="0">(OCoLC)fst01423727</subfield>
  </datafield>
  <datafield tag="776" ind1="0" ind2="8">
    <subfield code="i">Online version:</subfield>
    <subfield code="a">New York (State). Court of Special Sessions (New York)</subfield>
    <subfield code="t">Annual report for the calendar year ....</subfield>
    <subfield code="w">(OCoLC)1134559492</subfield>
  </datafield>
  <datafield tag="780" ind1="1" ind2="0">
    <subfield code="a">New York (State). Court of Special Sessions (New York).</subfield>
    <subfield code="t">Report for the year ending ...</subfield>
    <subfield code="w">(DLC)sf 98085071</subfield>
    <subfield code="w">(OCoLC)16997261</subfield>
  </datafield>
  <datafield tag="785" ind1="1" ind2="0">
    <subfield code="a">New York (State). Court of Special Sessions (New York).</subfield>
    <subfield code="s">Report for the year ending ... (1945)</subfield>
    <subfield code="w">(DLC)sf 98085073</subfield>
    <subfield code="w">(OCoLC)16997279</subfield>
  </datafield>
  <datafield tag="850" ind1=" " ind2=" ">
    <subfield code="a">DLC</subfield>
    <subfield code="a">N</subfield>
  </datafield>
  <datafield tag="890" ind1=" " ind2=" ">
    <subfield code="a">New York (City). Court of special sessions.  Annual report.</subfield>
    <subfield code="i">15-13782</subfield>
  </datafield>
  <datafield tag="906" ind1=" " ind2=" ">
    <subfield code="a">7</subfield>
    <subfield code="b">cbc</subfield>
    <subfield code="c">serials</subfield>
    <subfield code="d">u</subfield>
    <subfield code="e">ncip</subfield>
    <subfield code="f">19</subfield>
    <subfield code="g">n-oclcserc</subfield>
  </datafield>
  <datafield tag="920" ind1=" " ind2=" ">
    <subfield code="a">Keep 2</subfield>
  </datafield>
  <datafield tag="991" ind1=" " ind2=" ">
    <subfield code="b">c-GenColl</subfield>
    <subfield code="h">JS1236</subfield>
    <subfield code="i">.A17</subfield>
    <subfield code="w">SERIALS</subfield>
  </datafield>
  <datafield tag="992" ind1=" " ind2=" ">
    <subfield code="b">Unk</subfield>
    <subfield code="w">SERLOC</subfield>
  </datafield>
</record>