
<record>
  <leader>01931cas a2200397 a 4500</leader>
  <controlfield tag="001">11494081</controlfield>
  <controlfield tag="005">20200104075736.0</controlfield>
  <controlfield tag="008">880512d18uu19uulauar        s0    0eng c</controlfield>
  <datafield tag="010" ind1=" " ind2=" ">
    <subfield code="a">sf 98085901 </subfield>
    <subfield code="z">sn 88028133 </subfield>
  </datafield>
  <datafield tag="035" ind1=" " ind2=" ">
    <subfield code="a">(OCoLC)ocm17944398 </subfield>
  </datafield>
  <datafield tag="040" ind1=" " ind2=" ">
    <subfield code="a">LWA</subfield>
    <subfield code="b">eng</subfield>
    <subfield code="c">LWA</subfield>
    <subfield code="d">NYG</subfield>
    <subfield code="d">DLC</subfield>
    <subfield code="d">OCLCQ</subfield>
    <subfield code="d">KRTAS</subfield>
    <subfield code="d">OCLCQ</subfield>
    <subfield code="d">OCLCF</subfield>
    <subfield code="d">OCLCO</subfield>
    <subfield code="d">OCLCA</subfield>
  </datafield>
  <datafield tag="042" ind1=" " ind2=" ">
    <subfield code="a">pcc</subfield>
    <subfield code="a">premarc</subfield>
  </datafield>
  <datafield tag="043" ind1=" " ind2=" ">
    <subfield code="a">n-us-la</subfield>
  </datafield>
  <datafield tag="050" ind1="0" ind2="0">
    <subfield code="a">HE554.N4</subfield>
    <subfield code="b">A3</subfield>
  </datafield>
  <datafield tag="082" ind1="0" ind2="4">
    <subfield code="a">387.129763</subfield>
    <subfield code="b">qL8885</subfield>
  </datafield>
  <datafield tag="110" ind1="1" ind2=" ">
    <subfield code="a">Louisiana.</subfield>
    <subfield code="b">Board of Commissioners of the Port of New Orleans.</subfield>
  </datafield>
  <datafield tag="245" ind1="1" ind2="0">
    <subfield code="a">Annual report of the Board of Commissioners of the Port of New Orleans to the Governor of the State of Louisiana for the period from ...</subfield>
  </datafield>
  <datafield tag="246" ind1="3" ind2="0">
    <subfield code="a">Annual report</subfield>
    <subfield code="f">&lt;1907/08&gt;</subfield>
  </datafield>
  <datafield tag="246" ind1="1" ind2="7">
    <subfield code="a">Port commissioners&apos; report</subfield>
    <subfield code="f">&lt;1902/03-05/06&gt;</subfield>
  </datafield>
  <datafield tag="260" ind1=" " ind2=" ">
    <subfield code="a">[New Orleans] :</subfield>
    <subfield code="b">Picayune Job Print</subfield>
  </datafield>
  <datafield tag="300" ind1=" " ind2=" ">
    <subfield code="a">v. :</subfield>
    <subfield code="b">ill. ;</subfield>
    <subfield code="c">23 cm.</subfield>
  </datafield>
  <datafield tag="310" ind1=" " ind2=" ">
    <subfield code="a">Annual</subfield>
  </datafield>
  <datafield tag="500" ind1=" " ind2=" ">
    <subfield code="a">Vol. for &lt;1907/08&gt; has title: Annual report.</subfield>
  </datafield>
  <datafield tag="515" ind1=" " ind2=" ">
    <subfield code="a">Report period covers Sept. 1 to Aug. 31.</subfield>
  </datafield>
  <datafield tag="588" ind1=" " ind2=" ">
    <subfield code="a">Description based on: 7th (1902/03).</subfield>
  </datafield>
  <datafield tag="650" ind1=" " ind2="0">
    <subfield code="a">Shipping</subfield>
    <subfield code="z">Louisiana</subfield>
    <subfield code="z">New Orleans</subfield>
    <subfield code="v">Periodicals.</subfield>
  </datafield>
  <datafield tag="650" ind1=" " ind2="0">
    <subfield code="a">Harbors</subfield>
    <subfield code="z">Louisiana</subfield>
    <subfield code="z">New Orleans</subfield>
    <subfield code="v">Periodicals.</subfield>
  </datafield>
  <datafield tag="650" ind1=" " ind2="7">
    <subfield code="a">Harbors.</subfield>
    <subfield code="2">fast</subfield>
    <subfield code="0">(OCoLC)fst00951219</subfield>
  </datafield>
  <datafield tag="650" ind1=" " ind2="7">
    <subfield code="a">Shipping.</subfield>
    <subfield code="2">fast</subfield>
    <subfield code="0">(OCoLC)fst01116352</subfield>
  </datafield>
  <datafield tag="651" ind1=" " ind2="7">
    <subfield code="a">Louisiana</subfield>
    <subfield code="z">New Orleans.</subfield>
    <subfield code="2">fast</subfield>
    <subfield code="0">(OCoLC)fst01204311</subfield>
  </datafield>
  <datafield tag="655" ind1=" " ind2="7">
    <subfield code="a">Periodicals.</subfield>
    <subfield code="2">fast</subfield>
    <subfield code="0">(OCoLC)fst01411641</subfield>
  </datafield>
  <datafield tag="776" ind1="0" ind2="8">
    <subfield code="i">Online version:</subfield>
    <subfield code="a">Louisiana. Board of Commissioners of the Port of New Orleans.</subfield>
    <subfield code="t">Annual report of the Board of Commissioners of the Port of New Orleans to the Governor of the State of Louisiana for the period from ...</subfield>
    <subfield code="w">(OCoLC)1134540238</subfield>
  </datafield>
  <datafield tag="785" ind1="0" ind2="0">
    <subfield code="a">Louisiana. Board of Commissioners of the Port of New Orleans.</subfield>
    <subfield code="t">Report of the Board of Commissioners of the Port of New Orleans</subfield>
    <subfield code="w">(DLC)   10008027</subfield>
    <subfield code="w">(OCoLC)17680842</subfield>
  </datafield>
  <datafield tag="850" ind1=" " ind2=" ">
    <subfield code="a">DLC</subfield>
    <subfield code="a">N</subfield>
  </datafield>
  <datafield tag="906" ind1=" " ind2=" ">
    <subfield code="a">7</subfield>
    <subfield code="b">cbc</subfield>
    <subfield code="c">serials</subfield>
    <subfield code="d">u</subfield>
    <subfield code="e">ncip</subfield>
    <subfield code="f">19</subfield>
    <subfield code="g">n-oclcserc</subfield>
  </datafield>
  <datafield tag="991" ind1=" " ind2=" ">
    <subfield code="b">c-GenColl</subfield>
    <subfield code="h">HE554.N4</subfield>
    <subfield code="i">A3</subfield>
    <subfield code="w">SERIALS</subfield>
  </datafield>
</record>