
<record>
  <leader>02578cas a2200565 a 4500</leader>
  <controlfield tag="001">11496886</controlfield>
  <controlfield tag="005">20200104075746.0</controlfield>
  <controlfield tag="008">930504c19919999tnuar    s   s0   a0eng c</controlfield>
  <datafield tag="010" ind1=" " ind2=" ">
    <subfield code="a">   98640867 </subfield>
    <subfield code="z">sn 93031517 </subfield>
  </datafield>
  <datafield tag="035" ind1=" " ind2=" ">
    <subfield code="a">(OCoLC)ocm28037168 </subfield>
  </datafield>
  <datafield tag="037" ind1=" " ind2=" ">
    <subfield code="b">Tennessee Council of Juvenile and Family Court Judges, 1504 Parkway Towers, 404 James Robertson Parkway, Nashville, TN 37219</subfield>
  </datafield>
  <datafield tag="040" ind1=" " ind2=" ">
    <subfield code="a">TMN</subfield>
    <subfield code="b">eng</subfield>
    <subfield code="c">TMN</subfield>
    <subfield code="d">HUL</subfield>
    <subfield code="d">DLC</subfield>
    <subfield code="d">SYS</subfield>
    <subfield code="d">OCLCQ</subfield>
    <subfield code="d">HVL</subfield>
    <subfield code="d">OCLCQ</subfield>
    <subfield code="d">OCLCA</subfield>
    <subfield code="d">OCLCF</subfield>
  </datafield>
  <datafield tag="042" ind1=" " ind2=" ">
    <subfield code="a">pcc</subfield>
  </datafield>
  <datafield tag="043" ind1=" " ind2=" ">
    <subfield code="a">n-us-tn</subfield>
  </datafield>
  <datafield tag="050" ind1="0" ind2="0">
    <subfield code="a">KFT71.55</subfield>
    <subfield code="b">.T46</subfield>
  </datafield>
  <datafield tag="082" ind1="0" ind2="4">
    <subfield code="a">345.768081</subfield>
    <subfield code="b">T297a3</subfield>
  </datafield>
  <datafield tag="130" ind1="0" ind2=" ">
    <subfield code="a">Tennessee annual juvenile court statistical report (Nashville, Tenn. : 1993)</subfield>
  </datafield>
  <datafield tag="245" ind1="1" ind2="0">
    <subfield code="a">Tennessee annual juvenile court statistical report /</subfield>
    <subfield code="c">Tennessee Council of Juvenile and Family Court Judges.</subfield>
  </datafield>
  <datafield tag="246" ind1="1" ind2=" ">
    <subfield code="i">Issues for &lt;1995-&gt; have title:</subfield>
    <subfield code="a">Tennessee annual juvenile court statistical reports</subfield>
  </datafield>
  <datafield tag="246" ind1="1" ind2="4">
    <subfield code="a">Annual statistical report</subfield>
  </datafield>
  <datafield tag="246" ind1="1" ind2="4">
    <subfield code="a">Annual statistical reports</subfield>
    <subfield code="f">&lt;1995-&gt;</subfield>
  </datafield>
  <datafield tag="249" ind1="0" ind2=" ">
    <subfield code="i">ACQUIRE Title:</subfield>
    <subfield code="a">Tennessee annual juvenile court statistical report / Tennessee Council of Juvenile and Family Court Judges.</subfield>
  </datafield>
  <datafield tag="260" ind1=" " ind2=" ">
    <subfield code="a">[Nashville, TN] :</subfield>
    <subfield code="b">The Council,</subfield>
    <subfield code="c">1993-</subfield>
  </datafield>
  <datafield tag="300" ind1=" " ind2=" ">
    <subfield code="a">v. :</subfield>
    <subfield code="b">ill. ;</subfield>
    <subfield code="c">28 cm.</subfield>
  </datafield>
  <datafield tag="310" ind1=" " ind2=" ">
    <subfield code="a">Annual</subfield>
  </datafield>
  <datafield tag="362" ind1="0" ind2=" ">
    <subfield code="a">1991-</subfield>
  </datafield>
  <datafield tag="530" ind1=" " ind2=" ">
    <subfield code="a">Also issued online.</subfield>
  </datafield>
  <datafield tag="550" ind1=" " ind2=" ">
    <subfield code="a">Prepared by: Tennessee Juvenile Court Information System, &lt;1995-&gt;</subfield>
  </datafield>
  <datafield tag="588" ind1=" " ind2=" ">
    <subfield code="a">Latest issue consulted: 1995.</subfield>
  </datafield>
  <datafield tag="590" ind1=" " ind2=" ">
    <subfield code="a">SERBIB/SERLOC merged record</subfield>
  </datafield>
  <datafield tag="592" ind1=" " ind2=" ">
    <subfield code="a">ACQN: aq 99000733</subfield>
  </datafield>
  <datafield tag="592" ind1=" " ind2=" ">
    <subfield code="a">1995-1996;</subfield>
  </datafield>
  <datafield tag="650" ind1=" " ind2="0">
    <subfield code="a">Juvenile courts</subfield>
    <subfield code="z">Tennessee</subfield>
    <subfield code="v">Statistics</subfield>
    <subfield code="v">Periodicals.</subfield>
  </datafield>
  <datafield tag="650" ind1=" " ind2="7">
    <subfield code="a">Juvenile courts.</subfield>
    <subfield code="2">fast</subfield>
    <subfield code="0">(OCoLC)fst00985305</subfield>
  </datafield>
  <datafield tag="651" ind1=" " ind2="7">
    <subfield code="a">Tennessee.</subfield>
    <subfield code="2">fast</subfield>
    <subfield code="0">(OCoLC)fst01205353</subfield>
  </datafield>
  <datafield tag="655" ind1=" " ind2="7">
    <subfield code="a">Periodicals.</subfield>
    <subfield code="2">fast</subfield>
    <subfield code="0">(OCoLC)fst01411641</subfield>
  </datafield>
  <datafield tag="655" ind1=" " ind2="7">
    <subfield code="a">Statistics.</subfield>
    <subfield code="2">fast</subfield>
    <subfield code="0">(OCoLC)fst01423727</subfield>
  </datafield>
  <datafield tag="710" ind1="2" ind2=" ">
    <subfield code="a">Tennessee Council of Juvenile and Family Court Judges.</subfield>
  </datafield>
  <datafield tag="710" ind1="2" ind2=" ">
    <subfield code="a">Tennessee Juvenile Court Information System.</subfield>
  </datafield>
  <datafield tag="776" ind1="0" ind2="8">
    <subfield code="i">Online version:</subfield>
    <subfield code="t">Tennessee annual juvenile court statistical report (Nashville, Tenn. : 1993)</subfield>
    <subfield code="w">(OCoLC)1134563405</subfield>
  </datafield>
  <datafield tag="780" ind1="0" ind2="0">
    <subfield code="t">Tennessee juvenile court annual statistical report</subfield>
    <subfield code="w">(DLC)   89643962</subfield>
    <subfield code="w">(OCoLC)20313756</subfield>
  </datafield>
  <datafield tag="850" ind1=" " ind2=" ">
    <subfield code="a">DLC</subfield>
    <subfield code="a">MH-L</subfield>
  </datafield>
  <datafield tag="859" ind1="4" ind2="1">
    <subfield code="u">http://www.tennessee.gov/tcjfcj/annualrpt.html</subfield>
  </datafield>
  <datafield tag="853" ind1="2" ind2="0">
    <subfield code="8">1</subfield>
    <subfield code="a">(year)</subfield>
    <subfield code="w">a</subfield>
  </datafield>
  <datafield tag="863" ind1="4" ind2="1">
    <subfield code="8">1.1</subfield>
    <subfield code="a">&lt;1991&gt;-</subfield>
    <subfield code="x">provisional</subfield>
  </datafield>
  <datafield tag="890" ind1=" " ind2=" ">
    <subfield code="a">Tennessee.  Tennessee annual juvenile court statistical report (Nashville, Tenn. : 1993)</subfield>
    <subfield code="i">98-640867</subfield>
  </datafield>
  <datafield tag="906" ind1=" " ind2=" ">
    <subfield code="a">7</subfield>
    <subfield code="b">cbc</subfield>
    <subfield code="c">serials</subfield>
    <subfield code="d">u</subfield>
    <subfield code="e">ncip</subfield>
    <subfield code="f">19</subfield>
    <subfield code="g">n-oclcserc</subfield>
  </datafield>
  <datafield tag="920" ind1=" " ind2=" ">
    <subfield code="a">Keep 1</subfield>
  </datafield>
  <datafield tag="991" ind1=" " ind2=" ">
    <subfield code="b">c-LL</subfield>
    <subfield code="h">KFT71.55</subfield>
    <subfield code="i">.T46</subfield>
    <subfield code="w">SERIALS</subfield>
  </datafield>
  <datafield tag="992" ind1=" " ind2=" ">
    <subfield code="b">B/L</subfield>
    <subfield code="w">SERLOC</subfield>
  </datafield>
</record>