
<record>
  <leader>01767cas a2200385 a 4500</leader>
  <controlfield tag="001">11499496</controlfield>
  <controlfield tag="005">20200104075733.0</controlfield>
  <controlfield tag="008">861107d19771981ndugr        s0   a0eng c</controlfield>
  <datafield tag="010" ind1=" " ind2=" ">
    <subfield code="a">   98646460 </subfield>
    <subfield code="z">sn 90011288 </subfield>
  </datafield>
  <datafield tag="035" ind1=" " ind2=" ">
    <subfield code="a">(OCoLC)ocm14688630 </subfield>
  </datafield>
  <datafield tag="040" ind1=" " ind2=" ">
    <subfield code="a">UND</subfield>
    <subfield code="b">eng</subfield>
    <subfield code="c">UND</subfield>
    <subfield code="d">NST</subfield>
    <subfield code="d">NYG</subfield>
    <subfield code="d">DLC</subfield>
    <subfield code="d">OCLCQ</subfield>
    <subfield code="d">AGL</subfield>
    <subfield code="d">OCLCQ</subfield>
    <subfield code="d">OCLCF</subfield>
    <subfield code="d">OCLCO</subfield>
    <subfield code="d">OCLCA</subfield>
  </datafield>
  <datafield tag="042" ind1=" " ind2=" ">
    <subfield code="a">pcc</subfield>
  </datafield>
  <datafield tag="043" ind1=" " ind2=" ">
    <subfield code="a">n-us-nd</subfield>
  </datafield>
  <datafield tag="050" ind1="0" ind2="0">
    <subfield code="a">HD2767.N9</subfield>
    <subfield code="b">A3</subfield>
  </datafield>
  <datafield tag="070" ind1="0" ind2=" ">
    <subfield code="a">289.29</subfield>
    <subfield code="b">N81</subfield>
  </datafield>
  <datafield tag="072" ind1=" " ind2="0">
    <subfield code="a">E560</subfield>
  </datafield>
  <datafield tag="082" ind1="0" ind2="0">
    <subfield code="a">380.1682623</subfield>
  </datafield>
  <datafield tag="110" ind1="2" ind2=" ">
    <subfield code="a">North Dakota Public Service Commission.</subfield>
  </datafield>
  <datafield tag="245" ind1="1" ind2="0">
    <subfield code="a">Annual report to the Governor and Department of Accounts and Purchases.</subfield>
  </datafield>
  <datafield tag="260" ind1=" " ind2=" ">
    <subfield code="a">[Bismarck, N.D. :</subfield>
    <subfield code="b">s.n.],</subfield>
    <subfield code="c">1977-1981.</subfield>
  </datafield>
  <datafield tag="300" ind1=" " ind2=" ">
    <subfield code="a">4 v. ;</subfield>
    <subfield code="c">28 cm.</subfield>
  </datafield>
  <datafield tag="310" ind1=" " ind2=" ">
    <subfield code="a">Biennial</subfield>
  </datafield>
  <datafield tag="362" ind1="0" ind2=" ">
    <subfield code="a">86th/87th-90th/91st.</subfield>
  </datafield>
  <datafield tag="515" ind1=" " ind2=" ">
    <subfield code="a">Report of the biennial period ends June 30.</subfield>
  </datafield>
  <datafield tag="650" ind1=" " ind2="0">
    <subfield code="a">Public utilities</subfield>
    <subfield code="z">North Dakota</subfield>
    <subfield code="v">Periodicals.</subfield>
  </datafield>
  <datafield tag="650" ind1=" " ind2="7">
    <subfield code="a">Public utilities.</subfield>
    <subfield code="2">fast</subfield>
    <subfield code="0">(OCoLC)fst01083130</subfield>
  </datafield>
  <datafield tag="651" ind1=" " ind2="7">
    <subfield code="a">North Dakota.</subfield>
    <subfield code="2">fast</subfield>
    <subfield code="0">(OCoLC)fst01205582</subfield>
  </datafield>
  <datafield tag="655" ind1=" " ind2="7">
    <subfield code="a">Periodicals.</subfield>
    <subfield code="2">fast</subfield>
    <subfield code="0">(OCoLC)fst01411641</subfield>
  </datafield>
  <datafield tag="776" ind1="0" ind2="8">
    <subfield code="i">Online version:</subfield>
    <subfield code="a">North Dakota Public Service Commission.</subfield>
    <subfield code="t">Annual report to the Governor and Department of Accounts and Purchases</subfield>
    <subfield code="w">(OCoLC)1134565396</subfield>
  </datafield>
  <datafield tag="780" ind1="0" ind2="0">
    <subfield code="a">North Dakota Public Service Commission.</subfield>
    <subfield code="t">Annual report of the North Dakota Public Service Commission to the Governor for the biennial period ending ...</subfield>
    <subfield code="w">(DLC)   09014661</subfield>
    <subfield code="w">(OCoLC)22538827</subfield>
  </datafield>
  <datafield tag="785" ind1="0" ind2="0">
    <subfield code="a">North Dakota Public Service Commission.</subfield>
    <subfield code="t">Annual report to the Governor and Office of Management and Budget</subfield>
    <subfield code="w">(DLC)   98646462</subfield>
    <subfield code="w">(OCoLC)14688761</subfield>
  </datafield>
  <datafield tag="850" ind1=" " ind2=" ">
    <subfield code="a">DLC</subfield>
    <subfield code="a">DNAL</subfield>
    <subfield code="a">N</subfield>
    <subfield code="a">NdU</subfield>
  </datafield>
  <datafield tag="890" ind1=" " ind2=" ">
    <subfield code="a">North Dakota.  Public Service Commission.  Annual report.</subfield>
  </datafield>
  <datafield tag="906" ind1=" " ind2=" ">
    <subfield code="a">7</subfield>
    <subfield code="b">cbc</subfield>
    <subfield code="c">serials</subfield>
    <subfield code="d">u</subfield>
    <subfield code="e">ncip</subfield>
    <subfield code="f">20</subfield>
    <subfield code="g">n-oclcserc</subfield>
  </datafield>
  <datafield tag="991" ind1=" " ind2=" ">
    <subfield code="b">c-GenColl</subfield>
    <subfield code="h">HD2767.N9</subfield>
    <subfield code="i">A3</subfield>
    <subfield code="w">SERIALS</subfield>
  </datafield>
</record>