
<record>
  <leader>02395cas a2200469 a 4500</leader>
  <controlfield tag="001">11500824</controlfield>
  <controlfield tag="005">20200104075657.0</controlfield>
  <controlfield tag="008">760618d1948196utnuar        f0    0eng c</controlfield>
  <datafield tag="010" ind1=" " ind2=" ">
    <subfield code="a">   98649656 </subfield>
    <subfield code="z">sn 86033949 </subfield>
  </datafield>
  <datafield tag="035" ind1=" " ind2=" ">
    <subfield code="a">(OCoLC)ocm02235340 </subfield>
  </datafield>
  <datafield tag="040" ind1=" " ind2=" ">
    <subfield code="a">UDI</subfield>
    <subfield code="b">eng</subfield>
    <subfield code="c">UDI</subfield>
    <subfield code="d">NYG</subfield>
    <subfield code="d">NST</subfield>
    <subfield code="d">OCL</subfield>
    <subfield code="d">DLC</subfield>
    <subfield code="d">OCLCQ</subfield>
    <subfield code="d">IUL</subfield>
    <subfield code="d">KSU</subfield>
    <subfield code="d">OCLCA</subfield>
    <subfield code="d">OCLCQ</subfield>
    <subfield code="d">OCLCF</subfield>
    <subfield code="d">OCLCO</subfield>
    <subfield code="d">OCLCQ</subfield>
  </datafield>
  <datafield tag="042" ind1=" " ind2=" ">
    <subfield code="a">pcc</subfield>
  </datafield>
  <datafield tag="043" ind1=" " ind2=" ">
    <subfield code="a">n-us-tn</subfield>
  </datafield>
  <datafield tag="050" ind1="0" ind2="0">
    <subfield code="a">SD11</subfield>
    <subfield code="b">.T4 subser.</subfield>
  </datafield>
  <datafield tag="050" ind1="1" ind2="4">
    <subfield code="a">TK1425.T2</subfield>
    <subfield code="b">T2</subfield>
  </datafield>
  <datafield tag="082" ind1="0" ind2="4">
    <subfield code="a">634.909768</subfield>
    <subfield code="b">qT293r</subfield>
  </datafield>
  <datafield tag="110" ind1="2" ind2=" ">
    <subfield code="a">Tennessee Valley Authority.</subfield>
    <subfield code="b">Division of Forestry Relations.</subfield>
  </datafield>
  <datafield tag="245" ind1="1" ind2="0">
    <subfield code="a">Annual report :</subfield>
    <subfield code="b">a record of activities and accomplishments for the fiscal year ending June 30 ... /</subfield>
    <subfield code="c">Division of Forestry Relations, Tennessee Valley Authority.</subfield>
  </datafield>
  <datafield tag="260" ind1=" " ind2=" ">
    <subfield code="a">[Norris, Tenn.] :</subfield>
    <subfield code="b">Division of Forestry Relations, Tennessee Valley Authority,</subfield>
    <subfield code="c">[1948-</subfield>
  </datafield>
  <datafield tag="300" ind1=" " ind2=" ">
    <subfield code="a">volumes :</subfield>
    <subfield code="b">illustrations, plates, maps, diagrams ;</subfield>
    <subfield code="c">28 cm.</subfield>
  </datafield>
  <datafield tag="310" ind1=" " ind2=" ">
    <subfield code="a">Annual</subfield>
  </datafield>
  <datafield tag="336" ind1=" " ind2=" ">
    <subfield code="a">text</subfield>
    <subfield code="b">txt</subfield>
    <subfield code="2">rdacontent</subfield>
  </datafield>
  <datafield tag="337" ind1=" " ind2=" ">
    <subfield code="a">unmediated</subfield>
    <subfield code="b">n</subfield>
    <subfield code="2">rdamedia</subfield>
  </datafield>
  <datafield tag="338" ind1=" " ind2=" ">
    <subfield code="a">volume</subfield>
    <subfield code="b">nc</subfield>
    <subfield code="2">rdacarrier</subfield>
  </datafield>
  <datafield tag="362" ind1="0" ind2=" ">
    <subfield code="a">1948-</subfield>
  </datafield>
  <datafield tag="490" ind1="1" ind2=" ">
    <subfield code="a">Report / Division of Forestry Relations, Tennessee Valley Authority</subfield>
  </datafield>
  <datafield tag="500" ind1=" " ind2=" ">
    <subfield code="a">Title varies slightly.</subfield>
  </datafield>
  <datafield tag="588" ind1=" " ind2=" ">
    <subfield code="a">Latest issue consulted: 1960.</subfield>
  </datafield>
  <datafield tag="610" ind1="2" ind2="0">
    <subfield code="a">Tennessee Valley Authority.</subfield>
    <subfield code="b">Division of Forestry Relations</subfield>
    <subfield code="v">Periodicals.</subfield>
  </datafield>
  <datafield tag="610" ind1="2" ind2="7">
    <subfield code="a">Tennessee Valley Authority.</subfield>
    <subfield code="b">Division of Forestry Relations.</subfield>
    <subfield code="2">fast</subfield>
    <subfield code="0">(OCoLC)fst00668752</subfield>
  </datafield>
  <datafield tag="650" ind1=" " ind2="0">
    <subfield code="a">Forests and forestry</subfield>
    <subfield code="z">Tennessee River Valley</subfield>
    <subfield code="v">Periodicals.</subfield>
  </datafield>
  <datafield tag="650" ind1=" " ind2="7">
    <subfield code="a">Forests and forestry.</subfield>
    <subfield code="2">fast</subfield>
    <subfield code="0">(OCoLC)fst00932632</subfield>
  </datafield>
  <datafield tag="651" ind1=" " ind2="7">
    <subfield code="a">United States</subfield>
    <subfield code="z">Tennessee River Valley.</subfield>
    <subfield code="2">fast</subfield>
    <subfield code="0">(OCoLC)fst01275535</subfield>
  </datafield>
  <datafield tag="655" ind1=" " ind2="7">
    <subfield code="a">Periodicals.</subfield>
    <subfield code="2">fast</subfield>
    <subfield code="0">(OCoLC)fst01411641</subfield>
  </datafield>
  <datafield tag="776" ind1="0" ind2="8">
    <subfield code="i">Online version:</subfield>
    <subfield code="a">Tennessee Valley Authority. Division of Forestry Relations.</subfield>
    <subfield code="t">Annual report</subfield>
    <subfield code="w">(OCoLC)1134623082</subfield>
  </datafield>
  <datafield tag="780" ind1="0" ind2="0">
    <subfield code="a">Tennessee Valley Authority. Department of Forestry Relations.</subfield>
    <subfield code="t">Annual report</subfield>
    <subfield code="w">(DLC)   98649656</subfield>
    <subfield code="w">(OCoLC)2235274</subfield>
  </datafield>
  <datafield tag="785" ind1="0" ind2="0">
    <subfield code="a">Tennessee Valley Authority. Division of Forestry Development.</subfield>
    <subfield code="t">Annual report</subfield>
    <subfield code="w">(DLC)   54061666</subfield>
    <subfield code="w">(OCoLC)2235395</subfield>
  </datafield>
  <datafield tag="830" ind1=" " ind2="0">
    <subfield code="a">Report (Tennessee Valley Authority. Division of Forestry Relations)</subfield>
  </datafield>
  <datafield tag="850" ind1=" " ind2=" ">
    <subfield code="a">DLC</subfield>
    <subfield code="a">N</subfield>
    <subfield code="a">ViBlbV</subfield>
  </datafield>
  <datafield tag="890" ind1=" " ind2=" ">
    <subfield code="a">Tennessee Valley Authority. Division of Forestry Development.  Annual report.  Norris.</subfield>
  </datafield>
  <datafield tag="906" ind1=" " ind2=" ">
    <subfield code="a">7</subfield>
    <subfield code="b">cbc</subfield>
    <subfield code="c">serials</subfield>
    <subfield code="d">u</subfield>
    <subfield code="e">ncip</subfield>
    <subfield code="f">19</subfield>
    <subfield code="g">n-oclcserc</subfield>
  </datafield>
  <datafield tag="991" ind1=" " ind2=" ">
    <subfield code="b">c-GenColl</subfield>
    <subfield code="h">SD11</subfield>
    <subfield code="i">.T4 subser.</subfield>
    <subfield code="w">SERIALS</subfield>
  </datafield>
</record>