
<record>
  <leader>04104cas a2201009 a 4500</leader>
  <controlfield tag="001">11507146</controlfield>
  <controlfield tag="005">20200104075756.0</controlfield>
  <controlfield tag="008">970707c19979999cauar         0   a0eng c</controlfield>
  <datafield tag="010" ind1=" " ind2=" ">
    <subfield code="a">   99104172 </subfield>
  </datafield>
  <datafield tag="022" ind1="0" ind2=" ">
    <subfield code="a">1525-1624</subfield>
    <subfield code="l">1525-1624</subfield>
    <subfield code="2">1</subfield>
  </datafield>
  <datafield tag="035" ind1=" " ind2=" ">
    <subfield code="a">(OCoLC)ocm37248152 </subfield>
  </datafield>
  <datafield tag="037" ind1=" " ind2=" ">
    <subfield code="b">Damron Women&apos;s Traveller, P.O. Box 422458, San Francisco, CA 94142-2458</subfield>
  </datafield>
  <datafield tag="040" ind1=" " ind2=" ">
    <subfield code="a">SFR</subfield>
    <subfield code="b">eng</subfield>
    <subfield code="c">SFR</subfield>
    <subfield code="d">DLC</subfield>
    <subfield code="d">NSD</subfield>
    <subfield code="d">IUL</subfield>
    <subfield code="d">OCLCQ</subfield>
    <subfield code="d">FUG</subfield>
    <subfield code="d">OCLCO</subfield>
    <subfield code="d">OCLCF</subfield>
    <subfield code="d">OCLCO</subfield>
    <subfield code="d">CUV</subfield>
    <subfield code="d">OCLCO</subfield>
    <subfield code="d">OCL</subfield>
    <subfield code="d">OCLCA</subfield>
    <subfield code="d">TXA</subfield>
  </datafield>
  <datafield tag="042" ind1=" " ind2=" ">
    <subfield code="a">pcc</subfield>
    <subfield code="a">nsdp</subfield>
  </datafield>
  <datafield tag="043" ind1=" " ind2=" ">
    <subfield code="a">n-us---</subfield>
    <subfield code="a">n-cn---</subfield>
    <subfield code="a">cc-----</subfield>
    <subfield code="a">e------</subfield>
  </datafield>
  <datafield tag="050" ind1="0" ind2="0">
    <subfield code="a">E158</subfield>
    <subfield code="b">.W89</subfield>
  </datafield>
  <datafield tag="050" ind1="1" ind2="4">
    <subfield code="a">HQ75.25</subfield>
    <subfield code="b">.D36</subfield>
  </datafield>
  <datafield tag="082" ind1="0" ind2="0">
    <subfield code="a">917.04/539/086643</subfield>
    <subfield code="2">20</subfield>
  </datafield>
  <datafield tag="210" ind1="0" ind2=" ">
    <subfield code="a">Damron women&apos;s travel.</subfield>
  </datafield>
  <datafield tag="222" ind1=" " ind2="0">
    <subfield code="a">Damron women&apos;s traveller</subfield>
  </datafield>
  <datafield tag="245" ind1="0" ind2="0">
    <subfield code="a">Damron women&apos;s traveller.</subfield>
  </datafield>
  <datafield tag="246" ind1="3" ind2="0">
    <subfield code="a">Women&apos;s traveller</subfield>
  </datafield>
  <datafield tag="260" ind1=" " ind2=" ">
    <subfield code="a">San Francisco, CA :</subfield>
    <subfield code="b">Damron Company,</subfield>
    <subfield code="c">[1997]-</subfield>
  </datafield>
  <datafield tag="300" ind1=" " ind2=" ">
    <subfield code="a">volumes :</subfield>
    <subfield code="b">illustrations ;</subfield>
    <subfield code="c">18 cm.</subfield>
  </datafield>
  <datafield tag="310" ind1=" " ind2=" ">
    <subfield code="a">Annual</subfield>
  </datafield>
  <datafield tag="336" ind1=" " ind2=" ">
    <subfield code="a">text</subfield>
    <subfield code="b">txt</subfield>
    <subfield code="2">rdacontent</subfield>
  </datafield>
  <datafield tag="337" ind1=" " ind2=" ">
    <subfield code="a">unmediated</subfield>
    <subfield code="b">n</subfield>
    <subfield code="2">rdamedia</subfield>
  </datafield>
  <datafield tag="338" ind1=" " ind2=" ">
    <subfield code="a">volume</subfield>
    <subfield code="b">nc</subfield>
    <subfield code="2">rdacarrier</subfield>
  </datafield>
  <datafield tag="362" ind1="0" ind2=" ">
    <subfield code="a">1997-</subfield>
  </datafield>
  <datafield tag="500" ind1=" " ind2=" ">
    <subfield code="a">Title from cover.</subfield>
  </datafield>
  <datafield tag="500" ind1=" " ind2=" ">
    <subfield code="a">&lt;1997&gt;: &quot;USA, Mexico, Canada, Caribbean&quot;; &lt;2002&gt;: &quot;The best lesbian guide to the USA, Canada, European cities &amp; more&quot;.</subfield>
  </datafield>
  <datafield tag="515" ind1=" " ind2=" ">
    <subfield code="a">Issues for &apos;97- called also 8th ed.-</subfield>
  </datafield>
  <datafield tag="588" ind1=" " ind2=" ">
    <subfield code="a">Latest issue consulted: 2007.</subfield>
  </datafield>
  <datafield tag="590" ind1=" " ind2=" ">
    <subfield code="a">SERBIB/SERLOC merged record</subfield>
  </datafield>
  <datafield tag="650" ind1=" " ind2="0">
    <subfield code="a">Lesbians</subfield>
    <subfield code="x">Travel</subfield>
    <subfield code="z">United States</subfield>
    <subfield code="v">Guidebooks.</subfield>
  </datafield>
  <datafield tag="650" ind1=" " ind2="0">
    <subfield code="a">Lesbians</subfield>
    <subfield code="x">Travel</subfield>
    <subfield code="z">Europe</subfield>
    <subfield code="v">Guidebooks.</subfield>
  </datafield>
  <datafield tag="650" ind1=" " ind2="0">
    <subfield code="a">Lesbians</subfield>
    <subfield code="x">Travel</subfield>
    <subfield code="z">Mexico</subfield>
    <subfield code="v">Guidebooks.</subfield>
  </datafield>
  <datafield tag="650" ind1=" " ind2="0">
    <subfield code="a">Lesbians</subfield>
    <subfield code="x">Travel</subfield>
    <subfield code="z">Canada</subfield>
    <subfield code="v">Guidebooks.</subfield>
  </datafield>
  <datafield tag="650" ind1=" " ind2="0">
    <subfield code="a">Lesbians</subfield>
    <subfield code="x">Travel</subfield>
    <subfield code="z">Caribbean Area</subfield>
    <subfield code="v">Guidebooks.</subfield>
  </datafield>
  <datafield tag="650" ind1=" " ind2="0">
    <subfield code="a">Lesbians</subfield>
    <subfield code="x">Travel</subfield>
    <subfield code="x">Information resources</subfield>
    <subfield code="v">Periodicals.</subfield>
  </datafield>
  <datafield tag="650" ind1=" " ind2="0">
    <subfield code="a">Lesbian community</subfield>
    <subfield code="x">Information resources</subfield>
    <subfield code="v">Periodicals.</subfield>
  </datafield>
  <datafield tag="650" ind1=" " ind2="0">
    <subfield code="a">Lesbians</subfield>
    <subfield code="x">Social life and customs</subfield>
    <subfield code="v">Periodicals.</subfield>
  </datafield>
  <datafield tag="650" ind1=" " ind2="0">
    <subfield code="a">Lesbian culture</subfield>
    <subfield code="v">Periodicals.</subfield>
  </datafield>
  <datafield tag="650" ind1=" " ind2="0">
    <subfield code="a">Special events</subfield>
    <subfield code="v">Periodicals.</subfield>
  </datafield>
  <datafield tag="650" ind1=" " ind2="0">
    <subfield code="a">Lesbian bars</subfield>
    <subfield code="v">Periodicals.</subfield>
  </datafield>
  <datafield tag="650" ind1=" " ind2="0">
    <subfield code="a">Lesbian business enterprises</subfield>
    <subfield code="v">Periodicals.</subfield>
  </datafield>
  <datafield tag="650" ind1=" " ind2="0">
    <subfield code="a">Gay accommodations</subfield>
    <subfield code="v">Periodicals.</subfield>
  </datafield>
  <datafield tag="650" ind1=" " ind2="0">
    <subfield code="a">Restaurants</subfield>
    <subfield code="v">Periodicals.</subfield>
  </datafield>
  <datafield tag="650" ind1=" " ind2="0">
    <subfield code="a">Lesbians</subfield>
    <subfield code="x">Societies, etc.</subfield>
    <subfield code="v">Periodicals.</subfield>
  </datafield>
  <datafield tag="650" ind1=" " ind2="0">
    <subfield code="a">Women</subfield>
    <subfield code="x">Travel</subfield>
    <subfield code="z">United States</subfield>
    <subfield code="v">Guidebooks.</subfield>
  </datafield>
  <datafield tag="650" ind1=" " ind2="0">
    <subfield code="a">Women</subfield>
    <subfield code="x">Travel</subfield>
    <subfield code="z">Europe</subfield>
    <subfield code="v">Guidebooks.</subfield>
  </datafield>
  <datafield tag="650" ind1=" " ind2="0">
    <subfield code="a">Women</subfield>
    <subfield code="x">Travel</subfield>
    <subfield code="z">Mexico</subfield>
    <subfield code="v">Guidebooks.</subfield>
  </datafield>
  <datafield tag="650" ind1=" " ind2="0">
    <subfield code="a">Women</subfield>
    <subfield code="x">Travel</subfield>
    <subfield code="z">Canada</subfield>
    <subfield code="v">Guidebooks.</subfield>
  </datafield>
  <datafield tag="650" ind1=" " ind2="0">
    <subfield code="a">Women</subfield>
    <subfield code="x">Travel</subfield>
    <subfield code="z">Caribbean Area</subfield>
    <subfield code="v">Guidebooks.</subfield>
  </datafield>
  <datafield tag="651" ind1=" " ind2="0">
    <subfield code="a">United States</subfield>
    <subfield code="v">Guidebooks.</subfield>
  </datafield>
  <datafield tag="651" ind1=" " ind2="0">
    <subfield code="a">Mexico</subfield>
    <subfield code="v">Guidebooks.</subfield>
  </datafield>
  <datafield tag="651" ind1=" " ind2="0">
    <subfield code="a">Canada</subfield>
    <subfield code="v">Guidebooks.</subfield>
  </datafield>
  <datafield tag="651" ind1=" " ind2="0">
    <subfield code="a">Europe</subfield>
    <subfield code="v">Guidebooks.</subfield>
  </datafield>
  <datafield tag="651" ind1=" " ind2="0">
    <subfield code="a">Caribbean Area</subfield>
    <subfield code="v">Guidebooks.</subfield>
  </datafield>
  <datafield tag="650" ind1=" " ind2="7">
    <subfield code="a">Gay accommodations.</subfield>
    <subfield code="2">fast</subfield>
    <subfield code="0">(OCoLC)fst00939047</subfield>
  </datafield>
  <datafield tag="650" ind1=" " ind2="7">
    <subfield code="a">Lesbian bars.</subfield>
    <subfield code="2">fast</subfield>
    <subfield code="0">(OCoLC)fst00996462</subfield>
  </datafield>
  <datafield tag="650" ind1=" " ind2="7">
    <subfield code="a">Lesbian business enterprises.</subfield>
    <subfield code="2">fast</subfield>
    <subfield code="0">(OCoLC)fst00996464</subfield>
  </datafield>
  <datafield tag="650" ind1=" " ind2="7">
    <subfield code="a">Lesbian culture.</subfield>
    <subfield code="2">fast</subfield>
    <subfield code="0">(OCoLC)fst01201220</subfield>
  </datafield>
  <datafield tag="650" ind1=" " ind2="7">
    <subfield code="a">Lesbians</subfield>
    <subfield code="x">Social life and customs.</subfield>
    <subfield code="2">fast</subfield>
    <subfield code="0">(OCoLC)fst00996578</subfield>
  </datafield>
  <datafield tag="650" ind1=" " ind2="7">
    <subfield code="a">Lesbians</subfield>
    <subfield code="x">Societies, etc.</subfield>
    <subfield code="2">fast</subfield>
    <subfield code="0">(OCoLC)fst00996581</subfield>
  </datafield>
  <datafield tag="650" ind1=" " ind2="7">
    <subfield code="a">Lesbians</subfield>
    <subfield code="x">Travel.</subfield>
    <subfield code="2">fast</subfield>
    <subfield code="0">(OCoLC)fst00996583</subfield>
  </datafield>
  <datafield tag="650" ind1=" " ind2="7">
    <subfield code="a">Restaurants.</subfield>
    <subfield code="2">fast</subfield>
    <subfield code="0">(OCoLC)fst01095907</subfield>
  </datafield>
  <datafield tag="650" ind1=" " ind2="7">
    <subfield code="a">Special events.</subfield>
    <subfield code="2">fast</subfield>
    <subfield code="0">(OCoLC)fst01128924</subfield>
  </datafield>
  <datafield tag="650" ind1=" " ind2="7">
    <subfield code="a">Women</subfield>
    <subfield code="x">Travel.</subfield>
    <subfield code="2">fast</subfield>
    <subfield code="0">(OCoLC)fst01177018</subfield>
  </datafield>
  <datafield tag="651" ind1=" " ind2="7">
    <subfield code="a">Canada.</subfield>
    <subfield code="2">fast</subfield>
    <subfield code="0">(OCoLC)fst01204310</subfield>
  </datafield>
  <datafield tag="651" ind1=" " ind2="7">
    <subfield code="a">Caribbean Area.</subfield>
    <subfield code="2">fast</subfield>
    <subfield code="0">(OCoLC)fst01244080</subfield>
  </datafield>
  <datafield tag="651" ind1=" " ind2="7">
    <subfield code="a">Europe.</subfield>
    <subfield code="2">fast</subfield>
    <subfield code="0">(OCoLC)fst01245064</subfield>
  </datafield>
  <datafield tag="651" ind1=" " ind2="7">
    <subfield code="a">Mexico.</subfield>
    <subfield code="2">fast</subfield>
    <subfield code="0">(OCoLC)fst01211700</subfield>
  </datafield>
  <datafield tag="651" ind1=" " ind2="7">
    <subfield code="a">United States.</subfield>
    <subfield code="2">fast</subfield>
    <subfield code="0">(OCoLC)fst01204155</subfield>
  </datafield>
  <datafield tag="655" ind1=" " ind2="7">
    <subfield code="a">Guidebooks.</subfield>
    <subfield code="2">fast</subfield>
    <subfield code="0">(OCoLC)fst01423871</subfield>
  </datafield>
  <datafield tag="655" ind1=" " ind2="7">
    <subfield code="a">Periodicals.</subfield>
    <subfield code="2">fast</subfield>
    <subfield code="0">(OCoLC)fst01411641</subfield>
  </datafield>
  <datafield tag="776" ind1="0" ind2="8">
    <subfield code="i">Online version:</subfield>
    <subfield code="t">Damron women&apos;s traveller</subfield>
    <subfield code="w">(OCoLC)654568565</subfield>
  </datafield>
  <datafield tag="780" ind1="0" ind2="0">
    <subfield code="t">Women&apos;s traveller</subfield>
    <subfield code="x">1055-1905</subfield>
    <subfield code="w">(DLC)   91659020</subfield>
    <subfield code="w">(OCoLC)23067635</subfield>
  </datafield>
  <datafield tag="850" ind1=" " ind2=" ">
    <subfield code="a">DLC</subfield>
  </datafield>
  <datafield tag="853" ind1="2" ind2="0">
    <subfield code="8">1</subfield>
    <subfield code="a">(*)</subfield>
    <subfield code="w">a</subfield>
  </datafield>
  <datafield tag="863" ind1="4" ind2="1">
    <subfield code="8">1.1</subfield>
    <subfield code="a">97</subfield>
  </datafield>
  <datafield tag="890" ind1=" " ind2=" ">
    <subfield code="a">Damron women&apos;s traveller.</subfield>
    <subfield code="i">99-104172</subfield>
  </datafield>
  <datafield tag="906" ind1=" " ind2=" ">
    <subfield code="a">7</subfield>
    <subfield code="b">cbc</subfield>
    <subfield code="c">serials</subfield>
    <subfield code="d">u</subfield>
    <subfield code="e">ncip</subfield>
    <subfield code="f">19</subfield>
    <subfield code="g">n-oclcserc</subfield>
  </datafield>
  <datafield tag="920" ind1=" " ind2=" ">
    <subfield code="a">Keep 1</subfield>
  </datafield>
  <datafield tag="984" ind1=" " ind2=" ">
    <subfield code="a">srvf</subfield>
    <subfield code="d">2001-01-05</subfield>
  </datafield>
  <datafield tag="991" ind1=" " ind2=" ">
    <subfield code="b">c-GenColl</subfield>
    <subfield code="h">E158</subfield>
    <subfield code="i">.W89</subfield>
    <subfield code="w">SERIALS</subfield>
  </datafield>
  <datafield tag="992" ind1=" " ind2=" ">
    <subfield code="b">B/L</subfield>
    <subfield code="w">SERLOC</subfield>
  </datafield>
</record>