
<record>
  <leader>04127cka a2200565 a 4500</leader>
  <controlfield tag="001">11693318</controlfield>
  <controlfield tag="005">20200104074441.0</controlfield>
  <controlfield tag="007">kl co|</controlfield>
  <controlfield tag="007">cr |||</controlfield>
  <controlfield tag="008">970326s1807    xxunnn            kn     </controlfield>
  <datafield tag="906" ind1=" " ind2=" ">
    <subfield code="a">7</subfield>
    <subfield code="b">cbc</subfield>
    <subfield code="c">orignew</subfield>
    <subfield code="d">u</subfield>
    <subfield code="e">ncip</subfield>
    <subfield code="f">19</subfield>
    <subfield code="g">y-printpho</subfield>
  </datafield>
  <datafield tag="955" ind1=" " ind2=" ">
    <subfield code="a">qw05; qw09 2016-03r</subfield>
  </datafield>
  <datafield tag="035" ind1=" " ind2=" ">
    <subfield code="a">(DLC)11693318</subfield>
  </datafield>
  <datafield tag="035" ind1=" " ind2=" ">
    <subfield code="a">(DLC)   97505109</subfield>
  </datafield>
  <datafield tag="010" ind1=" " ind2=" ">
    <subfield code="a">   97505109 </subfield>
  </datafield>
  <datafield tag="037" ind1=" " ind2=" ">
    <subfield code="a">LC-DIG-ppmsca-23683</subfield>
    <subfield code="b">DLC</subfield>
    <subfield code="c">(digital file from original item)</subfield>
  </datafield>
  <datafield tag="037" ind1=" " ind2=" ">
    <subfield code="a">LC-USZC4-1495</subfield>
    <subfield code="b">DLC</subfield>
    <subfield code="c">(color film copy transparency)</subfield>
  </datafield>
  <datafield tag="037" ind1=" " ind2=" ">
    <subfield code="a">LC-USZC4-65</subfield>
    <subfield code="b">DLC</subfield>
    <subfield code="c">(color film copy transparency)</subfield>
  </datafield>
  <datafield tag="037" ind1=" " ind2=" ">
    <subfield code="a">LC-USZ62-3068</subfield>
    <subfield code="b">DLC</subfield>
    <subfield code="c">(b&amp;w film copy neg.)</subfield>
  </datafield>
  <datafield tag="040" ind1=" " ind2=" ">
    <subfield code="a">DLC</subfield>
    <subfield code="c">DLC</subfield>
    <subfield code="d">DLC</subfield>
    <subfield code="e">gihc</subfield>
  </datafield>
  <datafield tag="050" ind1="0" ind2="0">
    <subfield code="a">ADE - UNIT 2564,</subfield>
    <subfield code="b">no. 4</subfield>
  </datafield>
  <datafield tag="100" ind1="1" ind2=" ">
    <subfield code="a">Latrobe, Benjamin Henry,</subfield>
    <subfield code="d">1764-1820,</subfield>
    <subfield code="e">architect.</subfield>
  </datafield>
  <datafield tag="245" ind1="1" ind2="5">
    <subfield code="a">[The White House (&quot;President&apos;s House&quot;) Washington, D.C.</subfield>
    <subfield code="p">East front elevation]</subfield>
    <subfield code="h">[graphic] /</subfield>
    <subfield code="c">B H Latrobe 1807. S.P.B.U States.</subfield>
  </datafield>
  <datafield tag="246" ind1="3" ind2=" ">
    <subfield code="a">View of the east front of the President&apos;s House.</subfield>
  </datafield>
  <datafield tag="260" ind1=" " ind2=" ">
    <subfield code="c">1807.</subfield>
  </datafield>
  <datafield tag="300" ind1=" " ind2=" ">
    <subfield code="a">1 drawing on paper :</subfield>
    <subfield code="b">watercolor, ink, and wash ;</subfield>
    <subfield code="c">39 x 51 cm.</subfield>
  </datafield>
  <datafield tag="520" ind1="0" ind2=" ">
    <subfield code="a">View of the east elevation of the White House; the proposed north and south porticos, later built with some minor changes, are here presented as defining features of the principal facades.</subfield>
  </datafield>
  <datafield tag="500" ind1=" " ind2=" ">
    <subfield code="a">Caption label from exhibit &quot;American Treasures--Imagination&quot;: The President&apos;s House. Thomas Jefferson appointed Benjamin Henry Latrobe “Surveyor of the Public Buildings” of the United States, making him responsible for the completion of the Capitol and the White House, among other projects. A brilliant designer and consummate draftsman, Latrobe is considered the father of the architecture and engineering professions in this country. In this elevation he proposes the sophisticated transformation of the White House from the simple rectangular block erected by James Hoban to the porticoed building today recognized around the world as the home of the president of the United States.</subfield>
  </datafield>
  <datafield tag="500" ind1=" " ind2=" ">
    <subfield code="a">Title devised by Library staff.</subfield>
  </datafield>
  <datafield tag="500" ind1=" " ind2=" ">
    <subfield code="a">Inscription on recto: &quot;View of the East front of the President&apos;s House, with the addition of the North &amp; South Porticos.&quot;</subfield>
  </datafield>
  <datafield tag="506" ind1=" " ind2=" ">
    <subfield code="a">Restricted access.</subfield>
    <subfield code="c">Please use digital image or other reference copy. Original drawing is too fragile to serve.</subfield>
  </datafield>
  <datafield tag="510" ind1="4" ind2=" ">
    <subfield code="a">The architectural drawings of Benjamin Henry Latrobe / Jeffrey A. Cohen and Charles E. Brownell,</subfield>
    <subfield code="c">D73</subfield>
  </datafield>
  <datafield tag="540" ind1=" " ind2=" ">
    <subfield code="a">No known restrictions on publication.</subfield>
  </datafield>
  <datafield tag="580" ind1=" " ind2=" ">
    <subfield code="a">Forms part of: Architectural drawings for the White House... in the Benjamin Henry Latrobe Archive (Library of Congress).</subfield>
  </datafield>
  <datafield tag="581" ind1="8" ind2=" ">
    <subfield code="a">Published in: Eyes of the nation : a visual history of the United States / Vincent Virga and curators of the Library of Congress ; historical commentary by Alan Brinkley. New York : Knopf, 1997.</subfield>
  </datafield>
  <datafield tag="581" ind1="8" ind2=" ">
    <subfield code="a">Published in: Viewpoints; a selection from the pictorial collections of the Library of Congress .... Washington : Library of Congress ..., 1975, no. 141.</subfield>
  </datafield>
  <datafield tag="610" ind1="2" ind2="4">
    <subfield code="a">White House (Washington, D.C.)</subfield>
    <subfield code="y">1800-1810.</subfield>
  </datafield>
  <datafield tag="650" ind1=" " ind2="7">
    <subfield code="a">Official residences</subfield>
    <subfield code="z">Washington (D.C.)</subfield>
    <subfield code="y">1800-1810.</subfield>
    <subfield code="2">lctgm</subfield>
  </datafield>
  <datafield tag="650" ind1=" " ind2="7">
    <subfield code="a">Porticoes (Porches)</subfield>
    <subfield code="z">Washington (D.C.)</subfield>
    <subfield code="y">1800-1810.</subfield>
    <subfield code="2">lctgm</subfield>
  </datafield>
  <datafield tag="655" ind1=" " ind2="7">
    <subfield code="a">Architectural drawings</subfield>
    <subfield code="y">1800-1810.</subfield>
    <subfield code="2">gmgpc</subfield>
  </datafield>
  <datafield tag="773" ind1="0" ind2=" ">
    <subfield code="a">Latrobe, Benjamin Henry, 1764-1820.</subfield>
    <subfield code="t">Architectural drawings for The White House (&quot;President&apos;s House&quot;) Washington, D.C.</subfield>
    <subfield code="w">(DLC)   95860816</subfield>
  </datafield>
  <datafield tag="852" ind1=" " ind2=" ">
    <subfield code="a">Library of Congress</subfield>
    <subfield code="b">Prints and Photographs Division</subfield>
    <subfield code="e">Washington, D.C. 20540 USA</subfield>
    <subfield code="n">dcu</subfield>
    <subfield code="u">http://hdl.loc.gov/loc.pnp/pp.print</subfield>
  </datafield>
  <datafield tag="856" ind1="4" ind2="1">
    <subfield code="3">digital file from original item</subfield>
    <subfield code="d">ppmsca</subfield>
    <subfield code="f">23683</subfield>
    <subfield code="q">p</subfield>
    <subfield code="u">http://hdl.loc.gov/loc.pnp/ppmsca.23683</subfield>
  </datafield>
  <datafield tag="856" ind1="4" ind2="1">
    <subfield code="3">color film copy transparency LC-USZC4-1495</subfield>
    <subfield code="d">cph</subfield>
    <subfield code="f">3b52999</subfield>
    <subfield code="u">http://hdl.loc.gov/loc.pnp/cph.3b52999</subfield>
  </datafield>
  <datafield tag="856" ind1="4" ind2="1">
    <subfield code="3">color film copy transparency LC-USZC4-65</subfield>
    <subfield code="d">cph</subfield>
    <subfield code="f">3b51648</subfield>
    <subfield code="u">http://hdl.loc.gov/loc.pnp/cph.3b51648</subfield>
  </datafield>
  <datafield tag="856" ind1="4" ind2="1">
    <subfield code="3">b&amp;w film copy neg.</subfield>
    <subfield code="d">cph</subfield>
    <subfield code="f">3a06650</subfield>
    <subfield code="u">http://hdl.loc.gov/loc.pnp/cph.3a06650</subfield>
  </datafield>
  <datafield tag="985" ind1=" " ind2=" ">
    <subfield code="a">pp/cph</subfield>
  </datafield>
  <datafield tag="985" ind1=" " ind2=" ">
    <subfield code="a">pp/exh</subfield>
    <subfield code="e">L4105</subfield>
  </datafield>
  <datafield tag="985" ind1=" " ind2=" ">
    <subfield code="a">pp/diof</subfield>
  </datafield>
  <datafield tag="991" ind1=" " ind2=" ">
    <subfield code="b">c-P&amp;P</subfield>
    <subfield code="h">ADE - UNIT 2564,</subfield>
    <subfield code="i">no. 4</subfield>
    <subfield code="m">(B size) (Cabinet B)</subfield>
    <subfield code="v">obj.</subfield>
    <subfield code="w">MUMS VM File</subfield>
  </datafield>
</record>