
<record>
  <leader>03576ckm a22005897a 4500</leader>
  <controlfield tag="001">11952508</controlfield>
  <controlfield tag="005">20200104074242.0</controlfield>
  <controlfield tag="007">kl||o|</controlfield>
  <controlfield tag="007">cr |||||||||||</controlfield>
  <controlfield tag="008">000324q17931795xxunnn            lneng  </controlfield>
  <datafield tag="906" ind1=" " ind2=" ">
    <subfield code="a">7</subfield>
    <subfield code="b">cbc</subfield>
    <subfield code="c">orignew</subfield>
    <subfield code="d">u</subfield>
    <subfield code="e">ncip</subfield>
    <subfield code="f">20</subfield>
    <subfield code="g">y-printpho</subfield>
  </datafield>
  <datafield tag="955" ind1=" " ind2=" ">
    <subfield code="a">in P&amp;P BAR 03-15-00; to P&amp;P refile 03-24-00 ; qw06 2011-10r</subfield>
  </datafield>
  <datafield tag="035" ind1=" " ind2=" ">
    <subfield code="a">(DLC)11952508</subfield>
  </datafield>
  <datafield tag="035" ind1=" " ind2=" ">
    <subfield code="a">(DLC)   00650394</subfield>
  </datafield>
  <datafield tag="010" ind1=" " ind2=" ">
    <subfield code="a">   00650394 </subfield>
  </datafield>
  <datafield tag="037" ind1=" " ind2=" ">
    <subfield code="a">LC-USZC4-169</subfield>
    <subfield code="b">DLC</subfield>
    <subfield code="c">(color film copy transparency)</subfield>
  </datafield>
  <datafield tag="037" ind1=" " ind2=" ">
    <subfield code="a">LC-USZC4-1252</subfield>
    <subfield code="b">DLC</subfield>
    <subfield code="c">(color film copy transparency)</subfield>
  </datafield>
  <datafield tag="037" ind1=" " ind2=" ">
    <subfield code="a">LC-USZC4-5254</subfield>
    <subfield code="b">DLC</subfield>
    <subfield code="c">(color film copy transparency)</subfield>
  </datafield>
  <datafield tag="037" ind1=" " ind2=" ">
    <subfield code="a">LC-USZC2-1452</subfield>
    <subfield code="b">DLC</subfield>
    <subfield code="c">(color film copy slide)</subfield>
  </datafield>
  <datafield tag="037" ind1=" " ind2=" ">
    <subfield code="a">LC-USZ62-37078</subfield>
    <subfield code="b">DLC</subfield>
    <subfield code="c">(b&amp;w film copy neg.)</subfield>
  </datafield>
  <datafield tag="037" ind1=" " ind2=" ">
    <subfield code="a">LC-USZ62-94656</subfield>
    <subfield code="b">DLC</subfield>
    <subfield code="c">(b&amp;w film copy neg.)</subfield>
  </datafield>
  <datafield tag="037" ind1=" " ind2=" ">
    <subfield code="a">LC-USZ62-123380</subfield>
    <subfield code="b">DLC</subfield>
    <subfield code="c">(b&amp;w film copy neg.)</subfield>
  </datafield>
  <datafield tag="040" ind1=" " ind2=" ">
    <subfield code="a">DLC</subfield>
    <subfield code="c">DLC</subfield>
    <subfield code="e">gihc</subfield>
    <subfield code="d">DLC</subfield>
  </datafield>
  <datafield tag="050" ind1="0" ind2="0">
    <subfield code="a">ADE - UNIT 2461,</subfield>
    <subfield code="b">no. 8</subfield>
  </datafield>
  <datafield tag="100" ind1="1" ind2=" ">
    <subfield code="a">Hallet, Étienne Sulpice,</subfield>
    <subfield code="d">1755-1825,</subfield>
    <subfield code="e">architect.</subfield>
  </datafield>
  <datafield tag="245" ind1="1" ind2="0">
    <subfield code="a">[United States Capitol (&quot;Federal Capitol&quot;), Washington, D.C.</subfield>
    <subfield code="p">Cross section]</subfield>
    <subfield code="h">[graphic].</subfield>
  </datafield>
  <datafield tag="260" ind1=" " ind2=" ">
    <subfield code="c">[between 1793 and 1795]</subfield>
  </datafield>
  <datafield tag="300" ind1=" " ind2=" ">
    <subfield code="a">1 drawing :</subfield>
    <subfield code="b">ink, watercolor, wash, and graphite.</subfield>
  </datafield>
  <datafield tag="520" ind1="0" ind2=" ">
    <subfield code="a">Presentation drawing showing scheme &quot;E&quot; for cross section of the U.S. Capitol.</subfield>
  </datafield>
  <datafield tag="500" ind1=" " ind2=" ">
    <subfield code="a">Caption label from exhibit &quot;American Treasures--Imagination&quot;: The U.S. Capitol. George Washington and Thomas Jefferson sought the best talents to design the United States Capitol, the architectural centerpiece of the federal district. For the initial design competition, French-trained Stephen Hallet submitted two masterful renderings. This drawing shows the interior of the chamber designed for the House of Representatives and the exterior of the great “Conference room,” where the House and the Senate were to meet in joint session to work out their differences and where the President would deliver his addresses on the “State of the Union.”</subfield>
  </datafield>
  <datafield tag="500" ind1=" " ind2=" ">
    <subfield code="a">Inscription on recto: E-1 -- A ground plan accompanied this which Doc. Thornton sent for together with the plan in pencil.</subfield>
  </datafield>
  <datafield tag="500" ind1=" " ind2=" ">
    <subfield code="a">Inscription on verso: E 6. 2nd section of E1. S. Hallet.</subfield>
  </datafield>
  <datafield tag="506" ind1=" " ind2=" ">
    <subfield code="a">Original materials served by appointment only.</subfield>
  </datafield>
  <datafield tag="530" ind1=" " ind2=" ">
    <subfield code="a">Reference copy in LOT 4249 (R).</subfield>
  </datafield>
  <datafield tag="540" ind1=" " ind2=" ">
    <subfield code="a">No known restrictions on publication.</subfield>
  </datafield>
  <datafield tag="610" ind1="2" ind2="4">
    <subfield code="a">United States Capitol (Washington, D.C.)</subfield>
    <subfield code="y">1790-1800.</subfield>
  </datafield>
  <datafield tag="650" ind1=" " ind2="7">
    <subfield code="a">Capitols</subfield>
    <subfield code="z">Washington (D.C.)</subfield>
    <subfield code="y">1790-1800.</subfield>
    <subfield code="2">lctgm</subfield>
  </datafield>
  <datafield tag="655" ind1=" " ind2="7">
    <subfield code="a">Sections</subfield>
    <subfield code="y">1790-1800.</subfield>
    <subfield code="2">gmgpc</subfield>
  </datafield>
  <datafield tag="655" ind1=" " ind2="7">
    <subfield code="a">Architectural drawings</subfield>
    <subfield code="y">1790-1800.</subfield>
    <subfield code="2">gmgpc</subfield>
  </datafield>
  <datafield tag="655" ind1=" " ind2="7">
    <subfield code="a">Presentation drawings</subfield>
    <subfield code="y">1790-1800.</subfield>
    <subfield code="2">gmgpc</subfield>
  </datafield>
  <datafield tag="852" ind1=" " ind2=" ">
    <subfield code="a">Library of Congress</subfield>
    <subfield code="b">Prints and Photographs Division</subfield>
    <subfield code="e">Washington, D.C. 20540 USA</subfield>
    <subfield code="n">dcu</subfield>
  </datafield>
  <datafield tag="856" ind1="4" ind2="1">
    <subfield code="3">color film copy transparency LC-USZC4-169</subfield>
    <subfield code="d">cph</subfield>
    <subfield code="f">3b51752</subfield>
    <subfield code="u">http://hdl.loc.gov/loc.pnp/cph.3b51752</subfield>
  </datafield>
  <datafield tag="856" ind1="4" ind2="1">
    <subfield code="3">color film copy transparency LC-USZC4-1252</subfield>
    <subfield code="d">cph</subfield>
    <subfield code="f">3b52758</subfield>
    <subfield code="u">http://hdl.loc.gov/loc.pnp/cph.3b52758</subfield>
  </datafield>
  <datafield tag="856" ind1="4" ind2="1">
    <subfield code="3">color film copy transparency LC-USZC4-5254</subfield>
    <subfield code="d">cph</subfield>
    <subfield code="f">3g05254</subfield>
    <subfield code="u">http://hdl.loc.gov/loc.pnp/cph.3g05254</subfield>
  </datafield>
  <datafield tag="856" ind1="4" ind2="1">
    <subfield code="3">color film copy slide</subfield>
    <subfield code="d">cph</subfield>
    <subfield code="f">3b49352</subfield>
    <subfield code="u">http://hdl.loc.gov/loc.pnp/cph.3b49352</subfield>
  </datafield>
  <datafield tag="856" ind1="4" ind2="1">
    <subfield code="3">b&amp;w film copy neg. LC-USZ62-37078</subfield>
    <subfield code="d">cph</subfield>
    <subfield code="f">3a37444</subfield>
    <subfield code="u">http://hdl.loc.gov/loc.pnp/cph.3a37444</subfield>
  </datafield>
  <datafield tag="856" ind1="4" ind2="1">
    <subfield code="3">b&amp;w film copy neg. LC-USZ62-94656</subfield>
    <subfield code="d">cph</subfield>
    <subfield code="f">3b40824</subfield>
    <subfield code="u">http://hdl.loc.gov/loc.pnp/cph.3b40824</subfield>
  </datafield>
  <datafield tag="856" ind1="4" ind2="1">
    <subfield code="3">b&amp;w film copy neg. LC-USZ62-123380</subfield>
    <subfield code="d">cph</subfield>
    <subfield code="f">3c23380</subfield>
    <subfield code="u">http://hdl.loc.gov/loc.pnp/cph.3c23380</subfield>
  </datafield>
  <datafield tag="985" ind1=" " ind2=" ">
    <subfield code="a">pp/cph</subfield>
  </datafield>
  <datafield tag="985" ind1=" " ind2=" ">
    <subfield code="a">pp/wii</subfield>
  </datafield>
  <datafield tag="985" ind1=" " ind2=" ">
    <subfield code="a">pp/diof</subfield>
  </datafield>
  <datafield tag="991" ind1=" " ind2=" ">
    <subfield code="b">c-P&amp;P</subfield>
    <subfield code="m">(C size)</subfield>
    <subfield code="v">obj.</subfield>
  </datafield>
</record>