
<record>
  <leader>01940ccm a2200349 a 4500</leader>
  <controlfield tag="001">12080877</controlfield>
  <controlfield tag="005">20200104131413.0</controlfield>
  <controlfield tag="008">000626s1998    moudfz         n         </controlfield>
  <datafield tag="906" ind1=" " ind2=" ">
    <subfield code="a">7</subfield>
    <subfield code="b">cbc</subfield>
    <subfield code="c">orignew</subfield>
    <subfield code="d">4</subfield>
    <subfield code="e">ncip</subfield>
    <subfield code="f">19</subfield>
    <subfield code="g">y-genmusic</subfield>
  </datafield>
  <datafield tag="925" ind1="0" ind2=" ">
    <subfield code="a">acquire</subfield>
    <subfield code="b">1 shelf copy</subfield>
    <subfield code="x">policy default</subfield>
  </datafield>
  <datafield tag="955" ind1=" " ind2=" ">
    <subfield code="a">vl26 06-26-00 (acc. SR to MBRS); vn34 08-03-00; to BCCD 08-03-00</subfield>
    <subfield code="e">vl31 2005-03-31 SR copy 2 to MBRS</subfield>
    <subfield code="e">vn34 2005-04-04 copy 2 to BCCD</subfield>
  </datafield>
  <datafield tag="010" ind1=" " ind2=" ">
    <subfield code="a">   00525900 </subfield>
  </datafield>
  <datafield tag="020" ind1=" " ind2=" ">
    <subfield code="a">0786625554</subfield>
  </datafield>
  <datafield tag="028" ind1="3" ind2="2">
    <subfield code="a">MB96338BCD</subfield>
    <subfield code="b">Mel Bay</subfield>
  </datafield>
  <datafield tag="028" ind1="0" ind2="2">
    <subfield code="a">MB96338BCD</subfield>
    <subfield code="b">Mel Bay</subfield>
  </datafield>
  <datafield tag="040" ind1=" " ind2=" ">
    <subfield code="a">DLC</subfield>
    <subfield code="c">DLC</subfield>
  </datafield>
  <datafield tag="043" ind1=" " ind2=" ">
    <subfield code="a">e-fr---</subfield>
  </datafield>
  <datafield tag="050" ind1="0" ind2="0">
    <subfield code="a">M175.D84</subfield>
    <subfield code="b">M37 1998</subfield>
  </datafield>
  <datafield tag="245" ind1="0" ind2="0">
    <subfield code="a">Mel Bay presents French Renaissance dances for hammered dulcimer /</subfield>
    <subfield code="c">transcribed and arranged for hammered dulcimer and for ensemble playing from the original 16th century manuscripts by Nicholas Blanton &amp; Valerie Capeille.</subfield>
  </datafield>
  <datafield tag="246" ind1="3" ind2="0">
    <subfield code="a">French Renaissance dances for hammered dulcimer</subfield>
  </datafield>
  <datafield tag="260" ind1=" " ind2=" ">
    <subfield code="a">Pacific, MO :</subfield>
    <subfield code="b">Mel Bay,</subfield>
    <subfield code="c">c1998.</subfield>
  </datafield>
  <datafield tag="300" ind1=" " ind2=" ">
    <subfield code="a">48 p. of music :</subfield>
    <subfield code="b">ill. ;</subfield>
    <subfield code="c">30 cm. +</subfield>
    <subfield code="e">1 sound disc (digital ; 4 3/4 in.)</subfield>
  </datafield>
  <datafield tag="500" ind1=" " ind2=" ">
    <subfield code="a">&quot;In this book are gathered fourteen contrapunctal compositions from the Renaissance guitar books of Guillaume Morlaye and Adrien LeROy, circa 1555.&quot;</subfield>
  </datafield>
  <datafield tag="500" ind1=" " ind2=" ">
    <subfield code="a">For solo dulcimer or ensemble of unspecified instruments; includes chord symbols and tabulature.</subfield>
  </datafield>
  <datafield tag="505" ind1="0" ind2=" ">
    <subfield code="a">Galliarde -- Bransles de Poictou, en mode de cornemuse -- Bransles de Champagne -- Bransles de Bourgogne -- Pimontoyse -- Bransle Gay, je ne seray jamais bergere -- Pavanne &amp; Galliarde -- Conte Clare -- Thirds and sixths exercise -- Prelude.</subfield>
  </datafield>
  <datafield tag="650" ind1=" " ind2="0">
    <subfield code="a">Dulcimer music.</subfield>
  </datafield>
  <datafield tag="650" ind1=" " ind2="0">
    <subfield code="a">Chamber music.</subfield>
  </datafield>
  <datafield tag="650" ind1=" " ind2="0">
    <subfield code="a">Dance music</subfield>
    <subfield code="z">France</subfield>
    <subfield code="y">16th century.</subfield>
  </datafield>
  <datafield tag="700" ind1="1" ind2=" ">
    <subfield code="a">Blanton, Nicholas.</subfield>
    <subfield code="4">arr</subfield>
  </datafield>
  <datafield tag="700" ind1="1" ind2=" ">
    <subfield code="a">Capeille, Valerie.</subfield>
    <subfield code="4">arr</subfield>
  </datafield>
  <datafield tag="700" ind1="1" ind2="2">
    <subfield code="a">Morlaye, Guillaume.</subfield>
    <subfield code="t">Guitar music.</subfield>
    <subfield code="k">Selections;</subfield>
    <subfield code="o">arranged.</subfield>
  </datafield>
  <datafield tag="700" ind1="1" ind2="2">
    <subfield code="a">Le Roy, Adrian,</subfield>
    <subfield code="d">approximately 1520-1598.</subfield>
    <subfield code="t">Guitar music.</subfield>
    <subfield code="k">Selections;</subfield>
    <subfield code="o">arranged.</subfield>
  </datafield>
</record>