
<record>
  <leader>03190ccm a2200469 a 4500</leader>
  <controlfield tag="001">12148376</controlfield>
  <controlfield tag="005">20200104163928.0</controlfield>
  <controlfield tag="008">000818r19991864nyuuua         n        d</controlfield>
  <datafield tag="906" ind1=" " ind2=" ">
    <subfield code="a">7</subfield>
    <subfield code="b">cbc</subfield>
    <subfield code="c">copycat</subfield>
    <subfield code="d">4</subfield>
    <subfield code="e">ncip</subfield>
    <subfield code="f">20</subfield>
    <subfield code="g">y-genmusic</subfield>
  </datafield>
  <datafield tag="925" ind1="0" ind2=" ">
    <subfield code="a">acquire</subfield>
    <subfield code="b">1 shelf copies</subfield>
    <subfield code="x">policy default</subfield>
  </datafield>
  <datafield tag="955" ind1=" " ind2=" ">
    <subfield code="a">vl20 to MSR 08-18-00</subfield>
    <subfield code="a">vl00 2001-12-03</subfield>
    <subfield code="i">vl19 2001-12-03</subfield>
    <subfield code="e">vl19 2001-12-04 to BCCD</subfield>
    <subfield code="e">vl19 2002-05-20 Copy 2 to BCCD</subfield>
  </datafield>
  <datafield tag="010" ind1=" " ind2=" ">
    <subfield code="a">   00523768 </subfield>
  </datafield>
  <datafield tag="020" ind1=" " ind2=" ">
    <subfield code="a">0486408604</subfield>
  </datafield>
  <datafield tag="035" ind1=" " ind2=" ">
    <subfield code="a">(OCoLC)ocm43422080</subfield>
  </datafield>
  <datafield tag="040" ind1=" " ind2=" ">
    <subfield code="a">CWU</subfield>
    <subfield code="c">CWU</subfield>
    <subfield code="d">TEF</subfield>
    <subfield code="d">CIN</subfield>
    <subfield code="d">DLC</subfield>
  </datafield>
  <datafield tag="042" ind1=" " ind2=" ">
    <subfield code="a">lccopycat</subfield>
  </datafield>
  <datafield tag="045" ind1="2" ind2=" ">
    <subfield code="b">d1792</subfield>
    <subfield code="b">d1815</subfield>
  </datafield>
  <datafield tag="050" ind1="0" ind2="0">
    <subfield code="a">M178.B4</subfield>
    <subfield code="b">C6 1999</subfield>
  </datafield>
  <datafield tag="100" ind1="1" ind2=" ">
    <subfield code="a">Beethoven, Ludwig van,</subfield>
    <subfield code="d">1770-1827.</subfield>
  </datafield>
  <datafield tag="240" ind1="1" ind2="0">
    <subfield code="a">Chamber music.</subfield>
    <subfield code="k">Selections</subfield>
  </datafield>
  <datafield tag="245" ind1="1" ind2="0">
    <subfield code="a">Complete music for wind ensembles :</subfield>
    <subfield code="b">from Breitkopf &amp; Härtel&apos;s complete works edition /</subfield>
    <subfield code="c">Ludwig van Beethoven.</subfield>
  </datafield>
  <datafield tag="260" ind1=" " ind2=" ">
    <subfield code="a">Mineola, New York :</subfield>
    <subfield code="b">Dover,</subfield>
    <subfield code="c">1999.</subfield>
  </datafield>
  <datafield tag="300" ind1=" " ind2=" ">
    <subfield code="a">1 score (159 p.) ;</subfield>
    <subfield code="c">31 cm.</subfield>
  </datafield>
  <datafield tag="500" ind1=" " ind2=" ">
    <subfield code="a">Reprints. Originally published: Leipzig : Breitkopf &amp; Härtel, 1864-1890.</subfield>
  </datafield>
  <datafield tag="505" ind1="0" ind2=" ">
    <subfield code="a">Wind octet in E-flat major, op. 103 for 2 oboes, 2 clarinets, 2 horns, 2 bassoons -- Rondino for wind octet in E-flat major, WoO 25 for 2 oboes, 2 clarinets, 2 horns, 2 bassoons -- Sextet in E-flat major, op. 81b for 2 horns and string quartet -- Trio in C major, op. 87 for 2 oboes and English horn -- Wind sextet in E-flat major, op. 71 for 2 clarinets, 2 horns, 2 bassoons -- Septet in E-flat major, op. 20 for clarinet, bassoon, horn, violin, viola, cello, bass -- Serenade in D major, op. 25 for flute, violin, viola -- Three duos, WoO 27 for clarinet and bassoon.</subfield>
  </datafield>
  <datafield tag="650" ind1=" " ind2="0">
    <subfield code="a">Wind octets (Bassoons (2), clarinets (2), horns (2), oboes (2))</subfield>
    <subfield code="v">Scores.</subfield>
  </datafield>
  <datafield tag="650" ind1=" " ind2="0">
    <subfield code="a">Rondos (Bassoons (2), clarinets (2), horns (2), oboes (2))</subfield>
    <subfield code="v">Scores.</subfield>
  </datafield>
  <datafield tag="650" ind1=" " ind2="0">
    <subfield code="a">Sextets (Horns (2), violins (2), viola, cello)</subfield>
    <subfield code="v">Scores.</subfield>
  </datafield>
  <datafield tag="650" ind1=" " ind2="0">
    <subfield code="a">Woodwind trios (English horn, oboes (2))</subfield>
    <subfield code="v">Scores.</subfield>
  </datafield>
  <datafield tag="650" ind1=" " ind2="0">
    <subfield code="a">Wind sextets (Bassoons (2), clarinets (2), horns (2))</subfield>
    <subfield code="v">Scores.</subfield>
  </datafield>
  <datafield tag="650" ind1=" " ind2="0">
    <subfield code="a">Septets (Bassoon, clarinet, horn, violin, viola, cello, double bass)</subfield>
    <subfield code="v">Scores.</subfield>
  </datafield>
  <datafield tag="650" ind1=" " ind2="0">
    <subfield code="a">Suites (Flute, violin, viola)</subfield>
    <subfield code="v">Scores.</subfield>
  </datafield>
  <datafield tag="650" ind1=" " ind2="0">
    <subfield code="a">Bassoon and clarinet music</subfield>
    <subfield code="v">Scores.</subfield>
  </datafield>
  <datafield tag="700" ind1="1" ind2="2">
    <subfield code="a">Beethoven, Ludwig van,</subfield>
    <subfield code="d">1770-1827.</subfield>
    <subfield code="t">Octet,</subfield>
    <subfield code="m">horns, oboes, clarinets, bassoons,</subfield>
    <subfield code="n">op. 103,</subfield>
    <subfield code="r">E♭ major.</subfield>
  </datafield>
  <datafield tag="700" ind1="1" ind2="2">
    <subfield code="a">Beethoven, Ludwig van,</subfield>
    <subfield code="d">1770-1827.</subfield>
    <subfield code="t">Rondino,</subfield>
    <subfield code="m">horns (2), oboes (2), clarinets (2), bassoons (2),</subfield>
    <subfield code="n">WoO 25,</subfield>
    <subfield code="r">E♭ major.</subfield>
  </datafield>
  <datafield tag="700" ind1="1" ind2="2">
    <subfield code="a">Beethoven, Ludwig van,</subfield>
    <subfield code="d">1770-1827.</subfield>
    <subfield code="t">Sextets,</subfield>
    <subfield code="m">horns, violins, viola, cello,</subfield>
    <subfield code="n">op. 81b,</subfield>
    <subfield code="r">E♭ major.</subfield>
  </datafield>
  <datafield tag="700" ind1="1" ind2="2">
    <subfield code="a">Beethoven, Ludwig van,</subfield>
    <subfield code="d">1770-1827.</subfield>
    <subfield code="t">Trios,</subfield>
    <subfield code="m">oboes, English horn,</subfield>
    <subfield code="n">op. 87,</subfield>
    <subfield code="r">C major.</subfield>
  </datafield>
  <datafield tag="700" ind1="1" ind2="2">
    <subfield code="a">Beethoven, Ludwig van,</subfield>
    <subfield code="d">1770-1827.</subfield>
    <subfield code="t">Sextets,</subfield>
    <subfield code="m">clarinets, horns, bassoons,</subfield>
    <subfield code="n">op. 71,</subfield>
    <subfield code="r">E♭ major.</subfield>
  </datafield>
  <datafield tag="700" ind1="1" ind2="2">
    <subfield code="a">Beethoven, Ludwig van,</subfield>
    <subfield code="d">1770-1827.</subfield>
    <subfield code="t">Septet,</subfield>
    <subfield code="m">clarinet, bassoon, horn, violin, viola, cello, double bass,</subfield>
    <subfield code="n">op. 20,</subfield>
    <subfield code="r">E♭ major.</subfield>
  </datafield>
  <datafield tag="700" ind1="1" ind2="2">
    <subfield code="a">Beethoven, Ludwig van,</subfield>
    <subfield code="d">1770-1827.</subfield>
    <subfield code="t">Serenades,</subfield>
    <subfield code="m">flute, violin, viola,</subfield>
    <subfield code="n">op. 25,</subfield>
    <subfield code="r">D major.</subfield>
  </datafield>
  <datafield tag="700" ind1="1" ind2="2">
    <subfield code="a">Beethoven, Ludwig van,</subfield>
    <subfield code="d">1770-1827.</subfield>
    <subfield code="t">Duets,</subfield>
    <subfield code="m">clarinet, bassoon,</subfield>
    <subfield code="n">WoO 27.</subfield>
  </datafield>
  <datafield tag="856" ind1="4" ind2="2">
    <subfield code="3">Publisher description</subfield>
    <subfield code="u">http://www.loc.gov/catdir/description/dover031/00523768.html</subfield>
  </datafield>
</record>