
<record>
  <leader>03745ckm a2200577 a 4500</leader>
  <controlfield tag="001">12286368</controlfield>
  <controlfield tag="005">20200104080725.0</controlfield>
  <controlfield tag="007">kl||||</controlfield>
  <controlfield tag="007">cr||||</controlfield>
  <controlfield tag="008">010123s1911    xxunnn            lneng  </controlfield>
  <datafield tag="906" ind1=" " ind2=" ">
    <subfield code="a">7</subfield>
    <subfield code="b">cbc</subfield>
    <subfield code="c">orignew</subfield>
    <subfield code="d">u</subfield>
    <subfield code="e">ncip</subfield>
    <subfield code="f">20</subfield>
    <subfield code="g">y-printpho</subfield>
  </datafield>
  <datafield tag="955" ind1=" " ind2=" ">
    <subfield code="a">kmc, 1-23-01</subfield>
  </datafield>
  <datafield tag="035" ind1=" " ind2=" ">
    <subfield code="a">(DLC)12286368</subfield>
  </datafield>
  <datafield tag="035" ind1=" " ind2=" ">
    <subfield code="a">(DLC)  2001696317</subfield>
  </datafield>
  <datafield tag="010" ind1=" " ind2=" ">
    <subfield code="a">  2001696317</subfield>
  </datafield>
  <datafield tag="037" ind1=" " ind2=" ">
    <subfield code="a">LC-DIG-ppmsca-05582</subfield>
    <subfield code="b">DLC</subfield>
    <subfield code="c">(digital file from original)</subfield>
  </datafield>
  <datafield tag="037" ind1=" " ind2=" ">
    <subfield code="a">LC-USZC4-2198</subfield>
    <subfield code="b">DLC</subfield>
    <subfield code="c">(color film copy transparency)</subfield>
  </datafield>
  <datafield tag="037" ind1=" " ind2=" ">
    <subfield code="a">LC-USZ62-106433</subfield>
    <subfield code="b">DLC</subfield>
    <subfield code="c">(b&amp;w film copy neg.)</subfield>
  </datafield>
  <datafield tag="040" ind1=" " ind2=" ">
    <subfield code="a">DLC</subfield>
    <subfield code="c">DLC</subfield>
    <subfield code="d">DLC</subfield>
    <subfield code="e">gihc</subfield>
  </datafield>
  <datafield tag="043" ind1=" " ind2=" ">
    <subfield code="a">n-us-il</subfield>
  </datafield>
  <datafield tag="050" ind1="0" ind2="0">
    <subfield code="a">ADE - UNIT 2951,</subfield>
    <subfield code="b">no. 1</subfield>
  </datafield>
  <datafield tag="100" ind1="1" ind2=" ">
    <subfield code="a">Wright, Frank Lloyd,</subfield>
    <subfield code="d">1867-1959,</subfield>
    <subfield code="e">architect.</subfield>
  </datafield>
  <datafield tag="245" ind1="1" ind2="0">
    <subfield code="a">Architectural drawing for a theater (&quot;playhouse&quot;) for Mr. and Mrs. Avery Coonley, 350 Fairbanks Road, Riverside, Illinois</subfield>
    <subfield code="h">[graphic].</subfield>
  </datafield>
  <datafield tag="260" ind1=" " ind2=" ">
    <subfield code="c">1911.</subfield>
  </datafield>
  <datafield tag="300" ind1=" " ind2=" ">
    <subfield code="a">1 item :</subfield>
    <subfield code="b">graphite and colored pencil;</subfield>
    <subfield code="c">in folder(s) 51 x 61 cm.</subfield>
  </datafield>
  <datafield tag="520" ind1="0" ind2=" ">
    <subfield code="a">Preliminary drawing showing playhouse and stained glass as perspective projection; rendering.</subfield>
  </datafield>
  <datafield tag="500" ind1=" " ind2=" ">
    <subfield code="a">Caption label from exhibit &quot;American Treasures--Imagination&quot;: The Genius of Frank Lloyd Wright. Preeminent architect Frank Lloyd Wright made a significant impact on the built environment both in the United States and throughout the world. He created structures that transformed residences, commercial buildings, and public spaces for more than half a century. Often Wright himself designed each of the elements for his projects including the windows. Intended as a neighborhood kindergarten, Wright built a “playhouse” for repeat clients Avery and Queen Ferry Coonley in Riverside, Illinois. In this instance, Wright adapted balloon shapes, the American Flag, and checkerboard patterns to create colorful stained glass windows visible in the drawing.</subfield>
  </datafield>
  <datafield tag="555" ind1="8" ind2=" ">
    <subfield code="a">Finding aid (unpublished): Filed by UNIT number, available in Prints and Photographs Reading Room.</subfield>
  </datafield>
  <datafield tag="506" ind1=" " ind2=" ">
    <subfield code="a">Original materials served by appointment only.</subfield>
  </datafield>
  <datafield tag="540" ind1=" " ind2=" ">
    <subfield code="a">Publication may be restricted. For information see &quot;Frank Lloyd Wright&quot; (http://lcweb.loc.gov/rr/print/res/259_wrig.html)</subfield>
  </datafield>
  <datafield tag="500" ind1=" " ind2=" ">
    <subfield code="a">Date, building name, location, and clients from Frank Lloyd Wright / edited by Yukio Futagawa ; text by Bruce Brooks Pfeiffer, 1984-c1988, v. 3, p. 21.</subfield>
  </datafield>
  <datafield tag="500" ind1=" " ind2=" ">
    <subfield code="a">Street address from The architecture of Frank Lloyd Wright : a complete catalog / William Allin Storrer, 1978, geographical index.</subfield>
  </datafield>
  <datafield tag="500" ind1=" " ind2=" ">
    <subfield code="a">UNIT title devised.</subfield>
  </datafield>
  <datafield tag="580" ind1=" " ind2=" ">
    <subfield code="a">Forms part of: Visual materials from Donald D. Walker collection.</subfield>
  </datafield>
  <datafield tag="585" ind1=" " ind2=" ">
    <subfield code="a">Exhibited: American Treasures of the Library of Congress, 2004-05.</subfield>
  </datafield>
  <datafield tag="600" ind1="1" ind2="4">
    <subfield code="a">Coonley, Avery,</subfield>
    <subfield code="d">1870-1920</subfield>
    <subfield code="x">Homes &amp; haunts</subfield>
    <subfield code="z">Illinois</subfield>
    <subfield code="z">Riverside.</subfield>
  </datafield>
  <datafield tag="600" ind1="1" ind2="4">
    <subfield code="a">Coonley, Queene Ferry</subfield>
    <subfield code="x">Homes &amp; haunts</subfield>
    <subfield code="z">Illinois</subfield>
    <subfield code="z">Riverside.</subfield>
  </datafield>
  <datafield tag="650" ind1=" " ind2="7">
    <subfield code="a">Theaters</subfield>
    <subfield code="z">Illinois</subfield>
    <subfield code="z">Riverside</subfield>
    <subfield code="y">1910-1920.</subfield>
    <subfield code="2">lctgm</subfield>
  </datafield>
  <datafield tag="650" ind1=" " ind2="7">
    <subfield code="a">Stained glass</subfield>
    <subfield code="z">Illinois</subfield>
    <subfield code="z">Riverside</subfield>
    <subfield code="y">1910-1920.</subfield>
    <subfield code="2">lctgm</subfield>
  </datafield>
  <datafield tag="655" ind1=" " ind2="7">
    <subfield code="a">Architectural drawings</subfield>
    <subfield code="y">1910-1920.</subfield>
    <subfield code="2">gmgpc</subfield>
  </datafield>
  <datafield tag="655" ind1=" " ind2="7">
    <subfield code="a">Renderings</subfield>
    <subfield code="y">1910-1920.</subfield>
    <subfield code="2">gmgpc</subfield>
  </datafield>
  <datafield tag="700" ind1="1" ind2=" ">
    <subfield code="a">Coonley, Avery,</subfield>
    <subfield code="d">1870-1920,</subfield>
    <subfield code="e">client.</subfield>
  </datafield>
  <datafield tag="700" ind1="1" ind2=" ">
    <subfield code="a">Coonley, Queene Ferry,</subfield>
    <subfield code="e">client.</subfield>
  </datafield>
  <datafield tag="773" ind1="0" ind2=" ">
    <subfield code="t">Visual materials from Donald D. Walker collection</subfield>
    <subfield code="w">(DLC)   00653268</subfield>
  </datafield>
  <datafield tag="852" ind1=" " ind2=" ">
    <subfield code="a">Library of Congress</subfield>
    <subfield code="b">Prints and Photographs Division</subfield>
    <subfield code="e">Washington, D.C. 20540 USA</subfield>
    <subfield code="n">dcu</subfield>
  </datafield>
  <datafield tag="856" ind1="4" ind2="1">
    <subfield code="3">digital file from original</subfield>
    <subfield code="d">ppmsca</subfield>
    <subfield code="f">05582</subfield>
    <subfield code="q">p</subfield>
    <subfield code="u">http://hdl.loc.gov/loc.pnp/ppmsca.05582</subfield>
  </datafield>
  <datafield tag="856" ind1="4" ind2="1">
    <subfield code="3">color film copy transparency</subfield>
    <subfield code="d">cph</subfield>
    <subfield code="f">3g02198</subfield>
    <subfield code="u">http://hdl.loc.gov/loc.pnp/cph.3g02198</subfield>
  </datafield>
  <datafield tag="856" ind1="4" ind2="1">
    <subfield code="3">b&amp;w film copy neg.</subfield>
    <subfield code="d">cph</subfield>
    <subfield code="f">3c06433</subfield>
    <subfield code="u">http://hdl.loc.gov/loc.pnp/cph.3c06433</subfield>
  </datafield>
  <datafield tag="985" ind1=" " ind2=" ">
    <subfield code="a">pp/ade</subfield>
  </datafield>
  <datafield tag="985" ind1=" " ind2=" ">
    <subfield code="a">pp/exh</subfield>
    <subfield code="e">L4105-21 #195.6b</subfield>
  </datafield>
  <datafield tag="991" ind1=" " ind2=" ">
    <subfield code="b">c-P&amp;P</subfield>
    <subfield code="m">(B size)</subfield>
    <subfield code="v">obj.</subfield>
  </datafield>
</record>