
<record>
  <leader>01575cam a22003253a 4500</leader>
  <controlfield tag="001">12427269</controlfield>
  <controlfield tag="005">20200104205405.0</controlfield>
  <controlfield tag="008">010530s2002    caua          000 1 eng d</controlfield>
  <datafield tag="906" ind1=" " ind2=" ">
    <subfield code="a">7</subfield>
    <subfield code="b">cbc</subfield>
    <subfield code="c">copycat</subfield>
    <subfield code="d">4</subfield>
    <subfield code="e">epcn</subfield>
    <subfield code="f">20</subfield>
    <subfield code="g">y-gencatlg</subfield>
  </datafield>
  <datafield tag="925" ind1="0" ind2=" ">
    <subfield code="a">acquire</subfield>
    <subfield code="b">1 shelf copy</subfield>
    <subfield code="x">policy default, sdb 2003-04-09</subfield>
  </datafield>
  <datafield tag="955" ind1=" " ind2=" ">
    <subfield code="a">pc23 05-30-01</subfield>
    <subfield code="a">pv02 2003-07-03 to HLCD</subfield>
    <subfield code="a">lg13 2006-08-19 z-processor overtime</subfield>
    <subfield code="a">ld09 2006-09-20 to Ft. Meade UNASSESSED</subfield>
  </datafield>
  <datafield tag="010" ind1=" " ind2=" ">
    <subfield code="a">  2001091778</subfield>
  </datafield>
  <datafield tag="020" ind1=" " ind2=" ">
    <subfield code="a">0940185016 (alk. paper)</subfield>
  </datafield>
  <datafield tag="020" ind1=" " ind2=" ">
    <subfield code="a">0940918501</subfield>
  </datafield>
  <datafield tag="035" ind1=" " ind2=" ">
    <subfield code="a">(OCoLC)ocm52235849</subfield>
  </datafield>
  <datafield tag="037" ind1=" " ind2=" ">
    <subfield code="a">1181275</subfield>
    <subfield code="b">QBI</subfield>
  </datafield>
  <datafield tag="040" ind1=" " ind2=" ">
    <subfield code="a">JTH</subfield>
    <subfield code="c">JTH</subfield>
    <subfield code="d">OCLCQ</subfield>
    <subfield code="d">QBX</subfield>
    <subfield code="d">PGC</subfield>
    <subfield code="d">BAKER</subfield>
    <subfield code="d">OCLCQ</subfield>
    <subfield code="d">DLC</subfield>
  </datafield>
  <datafield tag="050" ind1="0" ind2="0">
    <subfield code="a">MLCM 2006/42982 (P)</subfield>
  </datafield>
  <datafield tag="082" ind1="0" ind2="4">
    <subfield code="a">[Fic]</subfield>
    <subfield code="2">21</subfield>
  </datafield>
  <datafield tag="097" ind1="1" ind2="4">
    <subfield code="a">PZ8.L198</subfield>
    <subfield code="b">Res 2002</subfield>
  </datafield>
  <datafield tag="100" ind1="1" ind2=" ">
    <subfield code="a">Lake, Rosemary.</subfield>
  </datafield>
  <datafield tag="245" ind1="1" ind2="0">
    <subfield code="a">Once upon a time when the princess rescued the prince /</subfield>
    <subfield code="c">by Rosemary Lake.</subfield>
  </datafield>
  <datafield tag="260" ind1=" " ind2=" ">
    <subfield code="a">Guerneville, CA :</subfield>
    <subfield code="b">Dragon Tree Press,</subfield>
    <subfield code="c">2002.</subfield>
  </datafield>
  <datafield tag="300" ind1=" " ind2=" ">
    <subfield code="a">104 p. :</subfield>
    <subfield code="b">ill. ;</subfield>
    <subfield code="c">23 cm.</subfield>
  </datafield>
  <datafield tag="440" ind1=" " ind2="4">
    <subfield code="a">The once upon a time when the princess(tm) series ;</subfield>
    <subfield code="v">1</subfield>
  </datafield>
  <datafield tag="520" ind1="0" ind2=" ">
    <subfield code="a">A collection of original and updated fairy tales about smart heroines and featuring lots of magic.</subfield>
  </datafield>
  <datafield tag="505" ind1="0" ind2=" ">
    <subfield code="a">The enchanted crab -- The vampire grandmother -- The crystal sphere -- Sir Marzipan -- Delian Little Red Riding Hood -- The enchanted tree -- The bear princess -- The little brother who cried &quot;wolf!&quot; -- Under the glass mountain -- Queen-of-the-May and the vampires -- The girl who could not shudder -- The flying turnips -- The false dragonfly queen.</subfield>
  </datafield>
  <datafield tag="650" ind1=" " ind2="0">
    <subfield code="a">Fairy tales.</subfield>
  </datafield>
  <datafield tag="650" ind1=" " ind2="0">
    <subfield code="a">Children&apos;s stories.</subfield>
  </datafield>
  <datafield tag="985" ind1=" " ind2=" ">
    <subfield code="e">Reorg P</subfield>
  </datafield>
</record>