
<record>
  <leader>03749cka a2200553 a 4500</leader>
  <controlfield tag="001">12459393</controlfield>
  <controlfield tag="005">20200104073134.0</controlfield>
  <controlfield tag="007">kl co|</controlfield>
  <controlfield tag="007">cr||||</controlfield>
  <controlfield tag="008">010702s1806    xxunnn            kneng  </controlfield>
  <datafield tag="906" ind1=" " ind2=" ">
    <subfield code="a">7</subfield>
    <subfield code="b">cbc</subfield>
    <subfield code="c">orignew</subfield>
    <subfield code="d">u</subfield>
    <subfield code="e">ncip</subfield>
    <subfield code="f">20</subfield>
    <subfield code="g">y-printpho</subfield>
  </datafield>
  <datafield tag="035" ind1=" " ind2=" ">
    <subfield code="a">(DLC)12459393</subfield>
  </datafield>
  <datafield tag="035" ind1=" " ind2=" ">
    <subfield code="a">(DLC)  2001697195</subfield>
  </datafield>
  <datafield tag="010" ind1=" " ind2=" ">
    <subfield code="a">  2001697195</subfield>
  </datafield>
  <datafield tag="037" ind1=" " ind2=" ">
    <subfield code="a">LC-DIG-ppmsca-09501</subfield>
    <subfield code="b">DLC</subfield>
    <subfield code="c">(digital file from original drawing)</subfield>
  </datafield>
  <datafield tag="037" ind1=" " ind2=" ">
    <subfield code="a">LC-USZC4-1090</subfield>
    <subfield code="b">DLC</subfield>
    <subfield code="c">(color film copy transparency)</subfield>
  </datafield>
  <datafield tag="037" ind1=" " ind2=" ">
    <subfield code="a">LC-USZ62-37197</subfield>
    <subfield code="b">DLC</subfield>
    <subfield code="c">(b&amp;w film copy neg.)</subfield>
  </datafield>
  <datafield tag="037" ind1=" " ind2=" ">
    <subfield code="a">LC-USZCN4-20</subfield>
    <subfield code="b">DLC</subfield>
    <subfield code="c">(color film copy neg.)</subfield>
  </datafield>
  <datafield tag="040" ind1=" " ind2=" ">
    <subfield code="a">DLC</subfield>
    <subfield code="c">DLC</subfield>
    <subfield code="d">DLC</subfield>
    <subfield code="e">gihc</subfield>
  </datafield>
  <datafield tag="050" ind1="0" ind2="0">
    <subfield code="a">ADE - UNIT 2462,</subfield>
    <subfield code="b">no. 13</subfield>
  </datafield>
  <datafield tag="100" ind1="1" ind2=" ">
    <subfield code="a">Latrobe, Benjamin Henry,</subfield>
    <subfield code="d">1764-1820,</subfield>
    <subfield code="e">architect.</subfield>
  </datafield>
  <datafield tag="245" ind1="1" ind2="0">
    <subfield code="a">[United States Capitol, Washington, D.C.</subfield>
    <subfield code="p">Perspective from the northeast]</subfield>
    <subfield code="h">[graphic].</subfield>
  </datafield>
  <datafield tag="260" ind1=" " ind2=" ">
    <subfield code="c">1806.</subfield>
  </datafield>
  <datafield tag="300" ind1=" " ind2=" ">
    <subfield code="a">1 drawing on paper :</subfield>
    <subfield code="b">watercolor, ink, and wash ;</subfield>
    <subfield code="c">49 x 59 cm.</subfield>
  </datafield>
  <datafield tag="520" ind1="0" ind2=" ">
    <subfield code="a">Presentation drawing by Latrobe, showing the Capitol&apos;s east facade, with minor variations both from the design as it was then accepted and from the design as built.</subfield>
  </datafield>
  <datafield tag="500" ind1=" " ind2=" ">
    <subfield code="a">Caption label from exhibit &quot;American Treasures--Imagination&quot;: The U.S. Capitol. Thomas Jefferson appointed Benjamin Henry Latrobe “Surveyor of the Public Buildings” of the United States, making him the architect in charge of the completion of the Capitol and the White House, as well as many other projects. A brilliant designer and consummate draftsman, Latrobe is considered the father of the professions of architecture and engineering in this country. Jefferson and Latrobe were responsible for the projected design extending the Capitol&apos;s portico and adding a large staircase, which led visitors directly to the entrance of the newly conceived “Hall of the People” or Rotunda, thus making the entire structure more accessible.</subfield>
  </datafield>
  <datafield tag="500" ind1=" " ind2=" ">
    <subfield code="a">Inscription on recto: &quot;TO THOMAS JEFFERSON Pres. U.S., B.H. LATROBE, 1806.&quot;</subfield>
  </datafield>
  <datafield tag="500" ind1=" " ind2=" ">
    <subfield code="a">Title devised by Library staff.</subfield>
  </datafield>
  <datafield tag="506" ind1=" " ind2=" ">
    <subfield code="a">Restricted access.</subfield>
    <subfield code="c">Please use digital image or other reference copy. Original drawing is too fragile to serve.</subfield>
  </datafield>
  <datafield tag="510" ind1="4" ind2=" ">
    <subfield code="a">The architectural drawings of Benjamin Henry Latrobe / Jeffrey A. Cohen and Charles E. Brownell,</subfield>
    <subfield code="c">D14</subfield>
  </datafield>
  <datafield tag="540" ind1=" " ind2=" ">
    <subfield code="a">No known restrictions on publication.</subfield>
  </datafield>
  <datafield tag="541" ind1=" " ind2=" ">
    <subfield code="c">Gift;</subfield>
    <subfield code="a">William Morrow Roosevelt;</subfield>
    <subfield code="e">(DLC/PP-1974:115).</subfield>
  </datafield>
  <datafield tag="580" ind1=" " ind2=" ">
    <subfield code="a">Forms part of: Architectural drawings for the United States Capitol... in the Benjamin Henry Latrobe Archive (Library of Congress).</subfield>
  </datafield>
  <datafield tag="585" ind1=" " ind2=" ">
    <subfield code="a">Exhibited: American Treasures of the Library of Congress, 2002.</subfield>
  </datafield>
  <datafield tag="585" ind1=" " ind2=" ">
    <subfield code="a">Exhibited in: &quot;Creating the United States&quot; at the Library of Congress, Washington, D.C., 2008-2009.</subfield>
  </datafield>
  <datafield tag="610" ind1="2" ind2="4">
    <subfield code="a">United States Capitol (Washington, D.C.)</subfield>
    <subfield code="y">1800-1810.</subfield>
  </datafield>
  <datafield tag="655" ind1=" " ind2="7">
    <subfield code="a">Presentation drawings</subfield>
    <subfield code="y">1800-1810.</subfield>
    <subfield code="2">gmgpc</subfield>
  </datafield>
  <datafield tag="655" ind1=" " ind2="7">
    <subfield code="a">Architectural drawings</subfield>
    <subfield code="y">1800-1810.</subfield>
    <subfield code="2">gmgpc</subfield>
  </datafield>
  <datafield tag="773" ind1="0" ind2=" ">
    <subfield code="a">Latrobe, Benjamin Henry, 1764-1820.</subfield>
    <subfield code="t">Architectural drawings for the United States Capitol, Washington, D.C.</subfield>
    <subfield code="w">(DLC)   95860715</subfield>
  </datafield>
  <datafield tag="852" ind1=" " ind2=" ">
    <subfield code="a">Library of Congress</subfield>
    <subfield code="b">Prints and Photographs Division</subfield>
    <subfield code="e">Washington, D.C. 20540 USA</subfield>
    <subfield code="n">dcu</subfield>
  </datafield>
  <datafield tag="856" ind1="4" ind2="1">
    <subfield code="3">digital file from original drawing</subfield>
    <subfield code="d">ppmsca</subfield>
    <subfield code="f">09501</subfield>
    <subfield code="u">http://hdl.loc.gov/loc.pnp/ppmsca.09501</subfield>
  </datafield>
  <datafield tag="856" ind1="4" ind2="1">
    <subfield code="3">digital file from color film copy transparency</subfield>
    <subfield code="d">cph</subfield>
    <subfield code="f">3b52595</subfield>
    <subfield code="u">http://hdl.loc.gov/loc.pnp/cph.3b52595</subfield>
  </datafield>
  <datafield tag="856" ind1="4" ind2="1">
    <subfield code="3">digital file from b&amp;w film copy neg.</subfield>
    <subfield code="d">cph</subfield>
    <subfield code="f">3a37561</subfield>
    <subfield code="u">http://hdl.loc.gov/loc.pnp/cph.3a37561</subfield>
  </datafield>
  <datafield tag="856" ind1="4" ind2="1">
    <subfield code="3">digital file from color film copy neg.</subfield>
    <subfield code="d">cph</subfield>
    <subfield code="f">3j00020</subfield>
    <subfield code="u">http://hdl.loc.gov/loc.pnp/cph.3j00020</subfield>
  </datafield>
  <datafield tag="985" ind1=" " ind2=" ">
    <subfield code="a">pp/cph</subfield>
  </datafield>
  <datafield tag="985" ind1=" " ind2=" ">
    <subfield code="a">pp/exh</subfield>
    <subfield code="e">L4105 #139.2</subfield>
  </datafield>
  <datafield tag="985" ind1=" " ind2=" ">
    <subfield code="a">pp/exh</subfield>
    <subfield code="e">L4637.3 #91.02</subfield>
  </datafield>
  <datafield tag="985" ind1=" " ind2=" ">
    <subfield code="a">pp/diof</subfield>
  </datafield>
  <datafield tag="991" ind1=" " ind2=" ">
    <subfield code="b">c-P&amp;P</subfield>
    <subfield code="m">(D size) (Cabinet B)</subfield>
  </datafield>
</record>