
<record>
  <leader>03833cka a22005531a 4500</leader>
  <controlfield tag="001">12475430</controlfield>
  <controlfield tag="005">20200104074523.0</controlfield>
  <controlfield tag="007">kl co|</controlfield>
  <controlfield tag="007">cr |||||||||||</controlfield>
  <controlfield tag="008">010718s1817    xxunnn            kneng  </controlfield>
  <datafield tag="906" ind1=" " ind2=" ">
    <subfield code="a">7</subfield>
    <subfield code="b">cbc</subfield>
    <subfield code="c">orignew</subfield>
    <subfield code="d">u</subfield>
    <subfield code="e">ncip</subfield>
    <subfield code="f">20</subfield>
    <subfield code="g">y-printpho</subfield>
  </datafield>
  <datafield tag="035" ind1=" " ind2=" ">
    <subfield code="a">(DLC)12475430</subfield>
  </datafield>
  <datafield tag="035" ind1=" " ind2=" ">
    <subfield code="a">(DLC)  2001698953</subfield>
  </datafield>
  <datafield tag="010" ind1=" " ind2=" ">
    <subfield code="a">  2001698953</subfield>
  </datafield>
  <datafield tag="037" ind1=" " ind2=" ">
    <subfield code="a">LC-DIG-ppmsca-09502</subfield>
    <subfield code="b">DLC</subfield>
    <subfield code="c">(digital file from original drawing)</subfield>
  </datafield>
  <datafield tag="037" ind1=" " ind2=" ">
    <subfield code="a">LC-USZC2-111</subfield>
    <subfield code="b">DLC</subfield>
    <subfield code="c">(color film copy slide, after restoration)</subfield>
  </datafield>
  <datafield tag="037" ind1=" " ind2=" ">
    <subfield code="a">LC-USZC4-249</subfield>
    <subfield code="b">DLC</subfield>
    <subfield code="c">(color film copy transparency, before restoration)</subfield>
  </datafield>
  <datafield tag="037" ind1=" " ind2=" ">
    <subfield code="a">LC-USZ62-7262</subfield>
    <subfield code="b">DLC</subfield>
    <subfield code="c">(b&amp;w film copy neg., before restoration)</subfield>
  </datafield>
  <datafield tag="040" ind1=" " ind2=" ">
    <subfield code="a">DLC</subfield>
    <subfield code="c">DLC</subfield>
    <subfield code="d">DLC</subfield>
    <subfield code="e">gihc</subfield>
  </datafield>
  <datafield tag="050" ind1="0" ind2="0">
    <subfield code="a">ADE - UNIT 2564,</subfield>
    <subfield code="b">no. 3</subfield>
  </datafield>
  <datafield tag="100" ind1="1" ind2=" ">
    <subfield code="a">Latrobe, Benjamin Henry,</subfield>
    <subfield code="d">1764-1820,</subfield>
    <subfield code="e">architect.</subfield>
  </datafield>
  <datafield tag="245" ind1="1" ind2="5">
    <subfield code="a">[The White House (&quot;President&apos;s House&quot;) Washington, D.C.</subfield>
    <subfield code="p">South front elevation]</subfield>
    <subfield code="h">[graphic] /</subfield>
    <subfield code="c">Jan. 1817, B H Latrobe.</subfield>
  </datafield>
  <datafield tag="246" ind1="3" ind2=" ">
    <subfield code="a">Elevation of the south front of the President&apos;s house.</subfield>
  </datafield>
  <datafield tag="260" ind1=" " ind2=" ">
    <subfield code="c">1817 Jan.</subfield>
  </datafield>
  <datafield tag="300" ind1=" " ind2=" ">
    <subfield code="a">1 drawing on paper :</subfield>
    <subfield code="b">watercolor, wash, and ink ;</subfield>
    <subfield code="c">54 x 41 cm.</subfield>
  </datafield>
  <datafield tag="520" ind1="0" ind2=" ">
    <subfield code="a">View of the South Portico as proposed by Latrobe, with axial stairway, later modified in construction.</subfield>
  </datafield>
  <datafield tag="500" ind1=" " ind2=" ">
    <subfield code="a">Caption label from exhibit &quot;American Treasures--Imagination&quot;: The President&apos;s House. Thomas Jefferson appointed Benjamin Henry Latrobe “Surveyor of the Public Buildings” of the United States, making him responsible for the completion of the Capitol and the White House, among other projects. A brilliant designer and consummate draftsman, Latrobe is considered the father of the architecture and engineering professions in this country. In this elevation he proposes the sophisticated transformation of the White House from the simple rectangular block erected by James Hoban to the porticoed building today recognized around the world as the home of the president of the United States.</subfield>
  </datafield>
  <datafield tag="500" ind1=" " ind2=" ">
    <subfield code="a">Title devised by Library staff.</subfield>
  </datafield>
  <datafield tag="500" ind1=" " ind2=" ">
    <subfield code="a">Inscriptions: &quot;Elevation of the South front of the President&apos;s house, copied from the design as proposed to be altered in 1807&quot; -- &quot;Je n&apos;aime [...] ne courez pas.&quot;</subfield>
  </datafield>
  <datafield tag="500" ind1=" " ind2=" ">
    <subfield code="a">Watermark: T G &amp; Co.</subfield>
  </datafield>
  <datafield tag="506" ind1=" " ind2=" ">
    <subfield code="a">Restricted access.</subfield>
    <subfield code="c">Please use digital image or other reference copy. Original drawing is too fragile to serve.</subfield>
  </datafield>
  <datafield tag="510" ind1="4" ind2=" ">
    <subfield code="a">The architectural drawings of Benjamin Henry Latrobe / Jeffrey A. Cohen and Charles E. Brownell,</subfield>
    <subfield code="c">D79</subfield>
  </datafield>
  <datafield tag="530" ind1=" " ind2=" ">
    <subfield code="a">Reference copy available in LOT 4249-R.</subfield>
  </datafield>
  <datafield tag="540" ind1=" " ind2=" ">
    <subfield code="a">No known restrictions on publication.</subfield>
  </datafield>
  <datafield tag="580" ind1=" " ind2=" ">
    <subfield code="a">Forms part of: Architectural drawings for the White House... in the Benjamin Henry Latrobe Archive (Library of Congress).</subfield>
  </datafield>
  <datafield tag="585" ind1=" " ind2=" ">
    <subfield code="a">Exhibited: American Treasures of the Library of Congress.</subfield>
  </datafield>
  <datafield tag="610" ind1="2" ind2="4">
    <subfield code="a">White House (Washington, D.C.)</subfield>
    <subfield code="y">1800-1810.</subfield>
  </datafield>
  <datafield tag="650" ind1=" " ind2="7">
    <subfield code="a">Official residences</subfield>
    <subfield code="z">Washington (D.C.)</subfield>
    <subfield code="y">1810-1820.</subfield>
    <subfield code="2">lctgm</subfield>
  </datafield>
  <datafield tag="655" ind1=" " ind2="7">
    <subfield code="a">Architectural drawings</subfield>
    <subfield code="y">1810-1820.</subfield>
    <subfield code="2">gmgpc</subfield>
  </datafield>
  <datafield tag="773" ind1="0" ind2=" ">
    <subfield code="a">Latrobe, Benjamin Henry, 1764-1820.</subfield>
    <subfield code="t">Architectural drawings for The White House (&quot;President&apos;s House&quot;) Washington, D.C.</subfield>
    <subfield code="w">(DLC)   95860816</subfield>
  </datafield>
  <datafield tag="852" ind1=" " ind2=" ">
    <subfield code="a">Library of Congress</subfield>
    <subfield code="b">Prints and Photographs Division</subfield>
    <subfield code="e">Washington, D.C. 20540 USA</subfield>
    <subfield code="n">dcu</subfield>
  </datafield>
  <datafield tag="856" ind1="4" ind2="1">
    <subfield code="3">digital file from original drawing</subfield>
    <subfield code="d">ppmsca</subfield>
    <subfield code="f">09502</subfield>
    <subfield code="u">http://hdl.loc.gov/loc.pnp/ppmsca.09502</subfield>
  </datafield>
  <datafield tag="856" ind1="4" ind2="1">
    <subfield code="3">digital file from color film copy slide, after restoration</subfield>
    <subfield code="d">cph</subfield>
    <subfield code="f">3b48024</subfield>
    <subfield code="u">http://hdl.loc.gov/loc.pnp/cph.3b48024</subfield>
  </datafield>
  <datafield tag="856" ind1="4" ind2="1">
    <subfield code="3">digital file from color film copy transparency, before restoration</subfield>
    <subfield code="d">cph</subfield>
    <subfield code="f">3b51830</subfield>
    <subfield code="u">http://hdl.loc.gov/loc.pnp/cph.3b51830</subfield>
  </datafield>
  <datafield tag="856" ind1="4" ind2="1">
    <subfield code="3">digital file from b&amp;w film copy neg., before restoration</subfield>
    <subfield code="d">cph</subfield>
    <subfield code="f">3a52055</subfield>
    <subfield code="u">http://hdl.loc.gov/loc.pnp/cph.3a52055</subfield>
  </datafield>
  <datafield tag="985" ind1=" " ind2=" ">
    <subfield code="a">pp/cph</subfield>
  </datafield>
  <datafield tag="985" ind1=" " ind2=" ">
    <subfield code="a">pp/exh</subfield>
    <subfield code="e">L4105 #140</subfield>
  </datafield>
  <datafield tag="985" ind1=" " ind2=" ">
    <subfield code="a">pp/diof</subfield>
  </datafield>
  <datafield tag="991" ind1=" " ind2=" ">
    <subfield code="b">c-P&amp;P</subfield>
    <subfield code="m">(B size) (Cabinet B)</subfield>
    <subfield code="v">obj.</subfield>
  </datafield>
</record>