
<record>
  <leader>01254ccm a2200253 a 4500</leader>
  <controlfield tag="001">12481766</controlfield>
  <controlfield tag="005">20200104160529.0</controlfield>
  <controlfield tag="008">010725s2000    tnuhya         n        d</controlfield>
  <datafield tag="906" ind1=" " ind2=" ">
    <subfield code="a">7</subfield>
    <subfield code="b">cbc</subfield>
    <subfield code="c">copycat</subfield>
    <subfield code="d">4</subfield>
    <subfield code="e">ncip</subfield>
    <subfield code="f">20</subfield>
    <subfield code="g">y-genmusic</subfield>
  </datafield>
  <datafield tag="925" ind1="0" ind2=" ">
    <subfield code="a">acquire</subfield>
    <subfield code="b">1 shelf copy</subfield>
    <subfield code="x">policy default</subfield>
  </datafield>
  <datafield tag="955" ind1=" " ind2=" ">
    <subfield code="a">vl20 2001-07-25 to MSR</subfield>
    <subfield code="i">vl27 2002-03-20</subfield>
    <subfield code="e">vl27 2002-03-20 to Music Division</subfield>
    <subfield code="e">vl27 2002-04-26 add copy 2 to Music Division</subfield>
  </datafield>
  <datafield tag="010" ind1=" " ind2=" ">
    <subfield code="a">  2001545223</subfield>
  </datafield>
  <datafield tag="020" ind1=" " ind2=" ">
    <subfield code="a">0633035238</subfield>
  </datafield>
  <datafield tag="035" ind1=" " ind2=" ">
    <subfield code="a">(OCoLC)ocm45861448</subfield>
  </datafield>
  <datafield tag="040" ind1=" " ind2=" ">
    <subfield code="a">KTS</subfield>
    <subfield code="c">KTS</subfield>
    <subfield code="d">DLC</subfield>
  </datafield>
  <datafield tag="042" ind1=" " ind2=" ">
    <subfield code="a">lccopycat</subfield>
  </datafield>
  <datafield tag="050" ind1="0" ind2="0">
    <subfield code="a">M185</subfield>
    <subfield code="b">.G63 2000</subfield>
  </datafield>
  <datafield tag="245" ind1="0" ind2="0">
    <subfield code="a">God of grace, God of glory :</subfield>
    <subfield code="b">organ/piano duets /</subfield>
    <subfield code="c">arranged by Don Phillips.</subfield>
  </datafield>
  <datafield tag="260" ind1=" " ind2=" ">
    <subfield code="a">Nashville, TN :</subfield>
    <subfield code="b">Genevox, a division of LifeWay Music,</subfield>
    <subfield code="c">c2000.</subfield>
  </datafield>
  <datafield tag="300" ind1=" " ind2=" ">
    <subfield code="a">1 score (67 p.) ;</subfield>
    <subfield code="c">31 cm.</subfield>
  </datafield>
  <datafield tag="505" ind1="0" ind2=" ">
    <subfield code="a">God of grace and God of glory / John Hughes -- The King of love my shepherd is ; Day by day / Harry R. Shelley, Oscar Ahnfelt -- Wonderful grace of Jesus / Haldor Lillenas -- O come, o come, Emmanuel -- Thine is the glory / George F. Handel -- We&apos;re marching to Zion / Robert Lowry -- It is well with my soul / Phillip P. Bliss.</subfield>
  </datafield>
  <datafield tag="650" ind1=" " ind2="0">
    <subfield code="a">Organ and piano music, Arranged</subfield>
    <subfield code="v">Scores.</subfield>
  </datafield>
  <datafield tag="650" ind1=" " ind2="0">
    <subfield code="a">Hymns</subfield>
    <subfield code="v">Instrumental settings.</subfield>
  </datafield>
  <datafield tag="700" ind1="1" ind2=" ">
    <subfield code="a">Phillips, Don.</subfield>
    <subfield code="4">arr</subfield>
  </datafield>
</record>