
<record>
  <leader>02144ccm a2200301 a 4500</leader>
  <controlfield tag="001">12521229</controlfield>
  <controlfield tag="005">20200104160721.0</controlfield>
  <controlfield tag="008">010831s2000    xxu  z         n        d</controlfield>
  <datafield tag="906" ind1=" " ind2=" ">
    <subfield code="a">7</subfield>
    <subfield code="b">cbc</subfield>
    <subfield code="c">copycat</subfield>
    <subfield code="d">4</subfield>
    <subfield code="e">ncip</subfield>
    <subfield code="f">20</subfield>
    <subfield code="g">y-genmusic</subfield>
  </datafield>
  <datafield tag="925" ind1="0" ind2=" ">
    <subfield code="a">acquire</subfield>
    <subfield code="b">1 shelf copies</subfield>
    <subfield code="x">policy default</subfield>
  </datafield>
  <datafield tag="955" ind1=" " ind2=" ">
    <subfield code="a">vl20 2001-08-31 to MSR</subfield>
    <subfield code="i">vl19 2002-04-24</subfield>
    <subfield code="e">vl19 2002-04-29 to Music Division</subfield>
    <subfield code="c">vn79 2004-09-10 copy 2 added</subfield>
    <subfield code="e">vl20 2004-09-13 2nd copy to BCCD</subfield>
  </datafield>
  <datafield tag="010" ind1=" " ind2=" ">
    <subfield code="a">  2001545616</subfield>
  </datafield>
  <datafield tag="028" ind1="3" ind2="2">
    <subfield code="a">0 80689 32138 2</subfield>
    <subfield code="b">Word Music</subfield>
  </datafield>
  <datafield tag="035" ind1=" " ind2=" ">
    <subfield code="a">(OCoLC)ocm45792294</subfield>
  </datafield>
  <datafield tag="040" ind1=" " ind2=" ">
    <subfield code="a">KTS</subfield>
    <subfield code="c">KTS</subfield>
    <subfield code="d">DLC</subfield>
  </datafield>
  <datafield tag="042" ind1=" " ind2=" ">
    <subfield code="a">lccopycat</subfield>
  </datafield>
  <datafield tag="050" ind1="0" ind2="0">
    <subfield code="a">M38.5</subfield>
    <subfield code="b">.B</subfield>
  </datafield>
  <datafield tag="245" ind1="0" ind2="0">
    <subfield code="a">Big gold book of medium difficult piano solos /</subfield>
    <subfield code="c">arrangements by Ken Barker, Fred Bock, Bruce Greer ... [et al.] ; edited by Carol Tornquist &amp; Ken Barker.</subfield>
  </datafield>
  <datafield tag="260" ind1=" " ind2=" ">
    <subfield code="a">[United States] :</subfield>
    <subfield code="b">Word Music,</subfield>
    <subfield code="c">c2000.</subfield>
  </datafield>
  <datafield tag="300" ind1=" " ind2=" ">
    <subfield code="a">136 p. of music ;</subfield>
    <subfield code="c">31 cm.</subfield>
  </datafield>
  <datafield tag="505" ind1="0" ind2=" ">
    <subfield code="a">Alone with the music -- At the cross -- Battle hymn of the republic -- Be thou my vision -- Blessed assurance -- Christ the Lord is risen today -- Come just as you are -- Commune with me ; We remember you -- For all the saints -- Hark! the herald angels sing -- He is our peace -- He leadeth me -- I have decided to follow Jesus -- I see the Lord ; Jesus, your name -- I&apos;d rather have Jesus -- In the garden -- Interlude I -- Interlude II -- Joyful, joyful, we adore Thee ; He has made me glad (I will enter His gates) --</subfield>
  </datafield>
  <datafield tag="505" ind1="0" ind2=" ">
    <subfield code="a">Lord, I lift your name on high -- Make me a servant -- My country, &apos;tis of thee ; Eternal Father, strong to save -- Nobody fills my heart like Jesus -- O perfect love -- O worship the King -- Savior, like a shepherd lead us -- Seek ye first -- Swing low, sweet chariot -- Take my life and let it be consecrated -- The first noel -- The Messiah medley -- The old rugged cross -- The power of your love -- There is a balm in Gilead -- We are the reason -- Were you there? -- Written in red -- You are my all in all.</subfield>
  </datafield>
  <datafield tag="650" ind1=" " ind2="0">
    <subfield code="a">Piano music, Arranged.</subfield>
  </datafield>
  <datafield tag="650" ind1=" " ind2="0">
    <subfield code="a">Hymns</subfield>
    <subfield code="v">Instrumental settings.</subfield>
  </datafield>
  <datafield tag="700" ind1="1" ind2=" ">
    <subfield code="a">Barker, Ken.</subfield>
    <subfield code="4">arr</subfield>
  </datafield>
  <datafield tag="700" ind1="1" ind2=" ">
    <subfield code="a">Bock, Fred.</subfield>
    <subfield code="4">arr</subfield>
  </datafield>
  <datafield tag="700" ind1="1" ind2=" ">
    <subfield code="a">Greer, Bruce.</subfield>
    <subfield code="4">arr</subfield>
  </datafield>
  <datafield tag="700" ind1="1" ind2=" ">
    <subfield code="a">Tornquist, Carol.</subfield>
  </datafield>
</record>