
<record>
  <leader>02378cka a22004093a 4500</leader>
  <controlfield tag="001">12776610</controlfield>
  <controlfield tag="005">20200104073349.0</controlfield>
  <controlfield tag="007">kl||||</controlfield>
  <controlfield tag="007">cr |||||||||||</controlfield>
  <controlfield tag="008">020516m17931795|||nnn        |   kneng  </controlfield>
  <datafield tag="906" ind1=" " ind2=" ">
    <subfield code="a">0</subfield>
    <subfield code="b">cbc</subfield>
    <subfield code="c">orignew</subfield>
    <subfield code="d">u</subfield>
    <subfield code="e">ncip</subfield>
    <subfield code="f">20</subfield>
    <subfield code="g">y-printpho</subfield>
  </datafield>
  <datafield tag="955" ind1=" " ind2=" ">
    <subfield code="a">qw06 2011-10r</subfield>
  </datafield>
  <datafield tag="035" ind1=" " ind2=" ">
    <subfield code="a">(DLC)12776610</subfield>
  </datafield>
  <datafield tag="035" ind1=" " ind2=" ">
    <subfield code="a">(DLC)  2002711960</subfield>
  </datafield>
  <datafield tag="010" ind1=" " ind2=" ">
    <subfield code="a">  2002711960</subfield>
  </datafield>
  <datafield tag="037" ind1=" " ind2=" ">
    <subfield code="a">LC-USZC4-1094</subfield>
    <subfield code="b">DLC</subfield>
    <subfield code="c">(color film copy transparency)</subfield>
  </datafield>
  <datafield tag="037" ind1=" " ind2=" ">
    <subfield code="a">LC-USZ62-59240</subfield>
    <subfield code="b">DLC</subfield>
    <subfield code="c">(b&amp;w film copy neg.)</subfield>
  </datafield>
  <datafield tag="037" ind1=" " ind2=" ">
    <subfield code="a">LC-USZC2-1437</subfield>
    <subfield code="b">DLC</subfield>
    <subfield code="c">(color film copy slide)</subfield>
  </datafield>
  <datafield tag="040" ind1=" " ind2=" ">
    <subfield code="a">DLC</subfield>
    <subfield code="c">DLC</subfield>
    <subfield code="d">DLC</subfield>
    <subfield code="e">gihc</subfield>
  </datafield>
  <datafield tag="050" ind1="0" ind2="0">
    <subfield code="a">ADE - UNIT 2461,</subfield>
    <subfield code="b">no. 9</subfield>
  </datafield>
  <datafield tag="100" ind1="1" ind2=" ">
    <subfield code="a">Hallet, Étienne Sulpice,</subfield>
    <subfield code="d">1755-1825,</subfield>
    <subfield code="e">architect.</subfield>
  </datafield>
  <datafield tag="245" ind1="1" ind2="0">
    <subfield code="a">[United States Capitol (&quot;Federal Capitol&quot;), Washington, D.C.</subfield>
    <subfield code="p">Section and elevation of center]</subfield>
    <subfield code="h">[graphic].</subfield>
  </datafield>
  <datafield tag="260" ind1=" " ind2=" ">
    <subfield code="c">[between 1793 and 1795]</subfield>
  </datafield>
  <datafield tag="300" ind1=" " ind2=" ">
    <subfield code="a">1 drawing :</subfield>
    <subfield code="b">ink, wash, watercolor, and graphite on paper.</subfield>
  </datafield>
  <datafield tag="500" ind1=" " ind2=" ">
    <subfield code="a">Caption label from exhibit &quot;American Treasures--Imagination&quot;: The U.S. Capitol. George Washington and Thomas Jefferson sought the best talents to design the United States Capitol, the architectural centerpiece of the federal district. For the initial design competition, French-trained Stephen Hallet submitted two masterful renderings.This Hallet drawing shows the interior of the chamber designed for the House of Representatives and the exterior of the great “Conference room,” where the House and the Senate were to meet in joint session to work out their differences and where the President would deliver his addresses on the “State of the Union.”</subfield>
  </datafield>
  <datafield tag="500" ind1=" " ind2=" ">
    <subfield code="a">Inscription: E4. lnal [i.e., longitudinal] Section of Plan E1. S. Hallet.</subfield>
  </datafield>
  <datafield tag="506" ind1=" " ind2=" ">
    <subfield code="a">Original materials served by appointment only.</subfield>
  </datafield>
  <datafield tag="530" ind1=" " ind2=" ">
    <subfield code="a">Reference copy in LOT 4249 (R).</subfield>
  </datafield>
  <datafield tag="540" ind1=" " ind2=" ">
    <subfield code="a">No known restrictions on publication.</subfield>
  </datafield>
  <datafield tag="655" ind1=" " ind2="7">
    <subfield code="a">Architectural drawings</subfield>
    <subfield code="y">1790-1800.</subfield>
    <subfield code="2">gmgpc</subfield>
  </datafield>
  <datafield tag="852" ind1=" " ind2=" ">
    <subfield code="a">Library of Congress</subfield>
    <subfield code="b">Prints and Photographs Division</subfield>
    <subfield code="e">Washington, D.C. 20540 USA</subfield>
    <subfield code="n">dcu</subfield>
  </datafield>
  <datafield tag="856" ind1="4" ind2="1">
    <subfield code="3">color film copy transparency</subfield>
    <subfield code="d">cph</subfield>
    <subfield code="f">3b52599</subfield>
    <subfield code="u">http://hdl.loc.gov/loc.pnp/cph.3b52599</subfield>
  </datafield>
  <datafield tag="856" ind1="4" ind2="1">
    <subfield code="3">b&amp;w film copy neg.</subfield>
    <subfield code="d">cph</subfield>
    <subfield code="f">3b46406</subfield>
    <subfield code="u">http://hdl.loc.gov/loc.pnp/cph.3b46406</subfield>
  </datafield>
  <datafield tag="856" ind1="4" ind2="1">
    <subfield code="3">color film copy slide</subfield>
    <subfield code="d">cph</subfield>
    <subfield code="f">3b49337</subfield>
    <subfield code="u">http://hdl.loc.gov/loc.pnp/cph.3b49337</subfield>
  </datafield>
  <datafield tag="985" ind1=" " ind2=" ">
    <subfield code="a">pp/cph</subfield>
  </datafield>
  <datafield tag="985" ind1=" " ind2=" ">
    <subfield code="a">pp/diof</subfield>
  </datafield>
  <datafield tag="991" ind1=" " ind2=" ">
    <subfield code="b">c-P&amp;P</subfield>
    <subfield code="m">(D size)</subfield>
    <subfield code="v">obj.</subfield>
  </datafield>
</record>