
<record>
  <leader>02255cka a22003493a 4500</leader>
  <controlfield tag="001">13022454</controlfield>
  <controlfield tag="005">20200104080548.0</controlfield>
  <controlfield tag="007">kl||||</controlfield>
  <controlfield tag="007">cr |||||||||||</controlfield>
  <controlfield tag="008">021206s1922    |||nnn        |   kneng  </controlfield>
  <datafield tag="906" ind1=" " ind2=" ">
    <subfield code="a">0</subfield>
    <subfield code="b">cbc</subfield>
    <subfield code="c">orignew</subfield>
    <subfield code="d">u</subfield>
    <subfield code="e">ncip</subfield>
    <subfield code="f">20</subfield>
    <subfield code="g">y-printpho</subfield>
  </datafield>
  <datafield tag="010" ind1=" " ind2=" ">
    <subfield code="a">  2002735801</subfield>
  </datafield>
  <datafield tag="037" ind1=" " ind2=" ">
    <subfield code="a">LC-USZC4-1870</subfield>
    <subfield code="b">DLC</subfield>
    <subfield code="c">(color film copy transparency)</subfield>
  </datafield>
  <datafield tag="037" ind1=" " ind2=" ">
    <subfield code="a">LC-USZ62-102818</subfield>
    <subfield code="b">DLC</subfield>
    <subfield code="c">(b&amp;w film copy neg.)</subfield>
  </datafield>
  <datafield tag="040" ind1=" " ind2=" ">
    <subfield code="a">DLC</subfield>
    <subfield code="c">DLC</subfield>
    <subfield code="e">gihc</subfield>
  </datafield>
  <datafield tag="050" ind1="0" ind2="0">
    <subfield code="a">ADE - UNIT 2962,</subfield>
    <subfield code="b">no. 6</subfield>
  </datafield>
  <datafield tag="100" ind1="1" ind2=" ">
    <subfield code="a">Wright, Frank Lloyd,</subfield>
    <subfield code="d">1867-1959,</subfield>
    <subfield code="e">architect.</subfield>
  </datafield>
  <datafield tag="245" ind1="1" ind2="0">
    <subfield code="a">[House for Mrs. Charles P. Lowes, Eagle Rock, Los Angeles, California.</subfield>
    <subfield code="p">Exterior, worm&apos;s-eye view]</subfield>
    <subfield code="h">[graphic].</subfield>
  </datafield>
  <datafield tag="260" ind1=" " ind2=" ">
    <subfield code="c">[1922]</subfield>
  </datafield>
  <datafield tag="300" ind1=" " ind2=" ">
    <subfield code="a">1 drawing :</subfield>
    <subfield code="b">color pencil and graphite on tracing paper.</subfield>
  </datafield>
  <datafield tag="500" ind1=" " ind2=" ">
    <subfield code="a">Caption label from exhibit &quot;American Treasures--Imagination&quot;: The Genius of Frank Lloyd Wright. One of the great innovators in the history of architecture, Frank Lloyd Wright experimented with new design vocabularies and building systems. Shown here is an example of his imaginative genius. Through the 1920s he designed a number of innovative houses in California using precast “textile” concrete blocks reinforced by an internal system of metal bars. One of the first of these experiments was this unbuilt project for a house at Eagle Rock, near Pasadena. Typically Wrightian is the joining of the structure to its site by a series of levels and terraces that reach out into the landscape.</subfield>
  </datafield>
  <datafield tag="500" ind1=" " ind2=" ">
    <subfield code="a">Inscription on recto: FLW Taliesin Dec 8 22.</subfield>
  </datafield>
  <datafield tag="506" ind1=" " ind2=" ">
    <subfield code="a">Original materials served by appointment only.</subfield>
  </datafield>
  <datafield tag="500" ind1=" " ind2=" ">
    <subfield code="a">Title devised by Library staff.</subfield>
  </datafield>
  <datafield tag="540" ind1=" " ind2=" ">
    <subfield code="a">Publication may be restricted. For information see &quot;Frank Lloyd Wright&quot; (http://lcweb.loc.gov/rr/print/res/259_wrig.html)</subfield>
  </datafield>
  <datafield tag="580" ind1=" " ind2=" ">
    <subfield code="a">Forms part of: Visual materials from Donald D. Walker collection.</subfield>
  </datafield>
  <datafield tag="655" ind1=" " ind2="7">
    <subfield code="a">Architectural drawings</subfield>
    <subfield code="y">1920-1930.</subfield>
    <subfield code="2">gmgpc</subfield>
  </datafield>
  <datafield tag="852" ind1=" " ind2=" ">
    <subfield code="a">Library of Congress</subfield>
    <subfield code="b">Prints and Photographs Division</subfield>
    <subfield code="e">Washington, D.C. 20540 USA</subfield>
    <subfield code="n">dcu</subfield>
  </datafield>
  <datafield tag="856" ind1="4" ind2="1">
    <subfield code="3">color film copy transparency</subfield>
    <subfield code="d">cph</subfield>
    <subfield code="f">3g01870</subfield>
    <subfield code="u">http://hdl.loc.gov/loc.pnp/cph.3g01870</subfield>
  </datafield>
  <datafield tag="856" ind1="4" ind2="1">
    <subfield code="3">b&amp;w film copy neg.</subfield>
    <subfield code="d">cph</subfield>
    <subfield code="f">3c02818</subfield>
    <subfield code="u">http://hdl.loc.gov/loc.pnp/cph.3c02818</subfield>
  </datafield>
  <datafield tag="985" ind1=" " ind2=" ">
    <subfield code="a">pp/cph</subfield>
  </datafield>
  <datafield tag="991" ind1=" " ind2=" ">
    <subfield code="b">c-P&amp;P</subfield>
    <subfield code="m">(B size)</subfield>
    <subfield code="v">obj.</subfield>
  </datafield>
</record>