
<record>
  <leader>03611cka a22003853a 4500</leader>
  <controlfield tag="001">13024848</controlfield>
  <controlfield tag="005">20200104075953.0</controlfield>
  <controlfield tag="007">kl||||</controlfield>
  <controlfield tag="007">cr |||||||||||</controlfield>
  <controlfield tag="008">021209s1923    |||nnn        |   kneng  </controlfield>
  <datafield tag="906" ind1=" " ind2=" ">
    <subfield code="a">0</subfield>
    <subfield code="b">cbc</subfield>
    <subfield code="c">orignew</subfield>
    <subfield code="d">u</subfield>
    <subfield code="e">ncip</subfield>
    <subfield code="f">20</subfield>
    <subfield code="g">y-printpho</subfield>
  </datafield>
  <datafield tag="010" ind1=" " ind2=" ">
    <subfield code="a">  2002735820</subfield>
  </datafield>
  <datafield tag="037" ind1=" " ind2=" ">
    <subfield code="a">LC-DIG-ppmsca-09575</subfield>
    <subfield code="b">DLC</subfield>
    <subfield code="c">(digital file from original drawing)</subfield>
  </datafield>
  <datafield tag="037" ind1=" " ind2=" ">
    <subfield code="a">LC-USZC4-1867</subfield>
    <subfield code="b">DLC</subfield>
    <subfield code="c">(color film copy transparency)</subfield>
  </datafield>
  <datafield tag="040" ind1=" " ind2=" ">
    <subfield code="a">DLC</subfield>
    <subfield code="c">DLC</subfield>
    <subfield code="d">DLC</subfield>
    <subfield code="e">gihc</subfield>
  </datafield>
  <datafield tag="050" ind1="0" ind2="0">
    <subfield code="a">ADE - UNIT 2971,</subfield>
    <subfield code="b">no. 2</subfield>
  </datafield>
  <datafield tag="100" ind1="1" ind2=" ">
    <subfield code="a">Wright, Frank Lloyd,</subfield>
    <subfield code="d">1867-1959,</subfield>
    <subfield code="e">architect.</subfield>
  </datafield>
  <datafield tag="245" ind1="1" ind2="0">
    <subfield code="a">[House for Dr. John Storer, 8161 Hollywood Boulevard, Hollywood, Los Angeles, California.</subfield>
    <subfield code="p">Exterior front, landscaping]</subfield>
    <subfield code="h">[graphic].</subfield>
  </datafield>
  <datafield tag="260" ind1=" " ind2=" ">
    <subfield code="c">[1923]</subfield>
  </datafield>
  <datafield tag="300" ind1=" " ind2=" ">
    <subfield code="a">1 drawing :</subfield>
    <subfield code="b">graphite and color pencil on Japanese paper.</subfield>
  </datafield>
  <datafield tag="500" ind1=" " ind2=" ">
    <subfield code="a">Caption label from exhibit &quot;Frank Lloyd Wright: Designs for an American Landscape&quot;:  The textile-block system that Wright developed during the 1920s underlies his designs for Doheny and related projects of the period, including four houses in the Los Angeles area: Millard (called La Miniatura, 1923), Storer (1923), Freeman (1924), and Ennis (1924). All four houses were built, illustrating in fragmentary form the ideal suburban image of the Doheny Ranch development.    Similar to the individual units in that project, each house was related to a roadway; when space allowed, these roadways were made an active part of the design. Each structure also embanked or retained the slope of its site through extended walls and terraces, so that an intermediate, clearly bounded area of cultivated garden was created. This garden area, in turn, linked each building to the surrounding, seemingly unchanged terrain.</subfield>
  </datafield>
  <datafield tag="500" ind1=" " ind2=" ">
    <subfield code="a">Caption label from exhibit &quot;American Treasures--Imagination&quot;: The Genius of Frank Lloyd Wright. One of the great innovators in the history of architecture, Frank Lloyd Wright experimented with new design vocabularies and building systems. Shown here are examples of his imaginative genius. In the 1920s Wright designed a number of houses in California using precast “textile” concrete blocks reinforced by an internal system of bars. This style is exhibited in the drawing of the Storer home. Built in Hollywood for Dr. John Storer seventy years ago, the house is now used in films, television, and print media to represent the future. Typically Wrightian is the joining of the structure to its site by a series of terraces that reach out into and reorder the landscape, making it an integral part of the architect&apos;s vision.</subfield>
  </datafield>
  <datafield tag="500" ind1=" " ind2=" ">
    <subfield code="a">Title block: Residence of Dr. John Storer, Hollywood, California.</subfield>
  </datafield>
  <datafield tag="506" ind1=" " ind2=" ">
    <subfield code="a">Original materials served by appointment only.</subfield>
  </datafield>
  <datafield tag="500" ind1=" " ind2=" ">
    <subfield code="a">Title devised by Library staff.</subfield>
  </datafield>
  <datafield tag="540" ind1=" " ind2=" ">
    <subfield code="a">Publication may be restricted. For information see &quot;Frank Lloyd Wright&quot; (http://lcweb.loc.gov/rr/print/res/259_wrig.html)</subfield>
  </datafield>
  <datafield tag="580" ind1=" " ind2=" ">
    <subfield code="a">Forms part of: Visual materials from Donald D. Walker collection.</subfield>
  </datafield>
  <datafield tag="585" ind1=" " ind2=" ">
    <subfield code="a">Exhibited: &quot;Frank Lloyd Wright: Designs for an American Landscape, 1922-1932&quot; at the Library of Congress, Washington, D.C., November 1996-February 1997.</subfield>
  </datafield>
  <datafield tag="655" ind1=" " ind2="7">
    <subfield code="a">Architectural drawings</subfield>
    <subfield code="y">1920-1930.</subfield>
    <subfield code="2">gmgpc</subfield>
  </datafield>
  <datafield tag="852" ind1=" " ind2=" ">
    <subfield code="a">Library of Congress</subfield>
    <subfield code="b">Prints and Photographs Division</subfield>
    <subfield code="e">Washington, D.C. 20540 USA</subfield>
    <subfield code="n">dcu</subfield>
  </datafield>
  <datafield tag="856" ind1="4" ind2="1">
    <subfield code="3">digital file from original drawing</subfield>
    <subfield code="d">ppmsca</subfield>
    <subfield code="f">09575</subfield>
    <subfield code="u">http://hdl.loc.gov/loc.pnp/ppmsca.09575</subfield>
  </datafield>
  <datafield tag="856" ind1="4" ind2="1">
    <subfield code="3">digital file from color film copy transparency</subfield>
    <subfield code="d">cph</subfield>
    <subfield code="f">3g01867</subfield>
    <subfield code="u">http://hdl.loc.gov/loc.pnp/cph.3g01867</subfield>
  </datafield>
  <datafield tag="985" ind1=" " ind2=" ">
    <subfield code="a">pp/cph</subfield>
  </datafield>
  <datafield tag="985" ind1=" " ind2=" ">
    <subfield code="a">pp/exh</subfield>
  </datafield>
  <datafield tag="991" ind1=" " ind2=" ">
    <subfield code="b">c-P&amp;P</subfield>
    <subfield code="m">(D size)</subfield>
    <subfield code="v">obj.</subfield>
  </datafield>
</record>