
<record>
  <leader>01916ccm a2200277 a 4500</leader>
  <controlfield tag="001">13244711</controlfield>
  <controlfield tag="005">20200104160949.0</controlfield>
  <controlfield tag="008">030619s2002    flumpz         n    eng d</controlfield>
  <datafield tag="906" ind1=" " ind2=" ">
    <subfield code="a">7</subfield>
    <subfield code="b">cbc</subfield>
    <subfield code="c">copycat</subfield>
    <subfield code="d">4</subfield>
    <subfield code="e">ncip</subfield>
    <subfield code="f">20</subfield>
    <subfield code="g">y-genmusic</subfield>
  </datafield>
  <datafield tag="925" ind1="0" ind2=" ">
    <subfield code="a">acquire</subfield>
    <subfield code="b">1 shelf copies</subfield>
    <subfield code="x">policy default</subfield>
  </datafield>
  <datafield tag="955" ind1=" " ind2=" ">
    <subfield code="a">vl20 2003-06-19 Preprocessor to MSR</subfield>
    <subfield code="i">vl26 2003-09-08</subfield>
    <subfield code="a">vl26 2003-09-08 Copy 2 added</subfield>
    <subfield code="e">v26 2003-10-17 Copies 1, 2 to Music Division</subfield>
  </datafield>
  <datafield tag="010" ind1=" " ind2=" ">
    <subfield code="a">  2003555860</subfield>
  </datafield>
  <datafield tag="020" ind1=" " ind2=" ">
    <subfield code="a">0757992455 (pbk.)</subfield>
  </datafield>
  <datafield tag="028" ind1="3" ind2="2">
    <subfield code="a">0656B</subfield>
    <subfield code="b">Warner Bros.</subfield>
  </datafield>
  <datafield tag="035" ind1=" " ind2=" ">
    <subfield code="a">(OCoLC)ocm50429174</subfield>
  </datafield>
  <datafield tag="040" ind1=" " ind2=" ">
    <subfield code="a">OCO</subfield>
    <subfield code="c">OCO</subfield>
    <subfield code="d">OCLCQ</subfield>
    <subfield code="d">DLC</subfield>
  </datafield>
  <datafield tag="042" ind1=" " ind2=" ">
    <subfield code="a">lccopycat</subfield>
  </datafield>
  <datafield tag="050" ind1="0" ind2="0">
    <subfield code="a">M38.3</subfield>
    <subfield code="b">.W</subfield>
  </datafield>
  <datafield tag="100" ind1="1" ind2=" ">
    <subfield code="a">Williams, John,</subfield>
    <subfield code="d">1932-</subfield>
  </datafield>
  <datafield tag="245" ind1="1" ind2="4">
    <subfield code="a">The very best of John Williams /</subfield>
    <subfield code="c">arranged for easy piano by Dan Coates.</subfield>
  </datafield>
  <datafield tag="260" ind1=" " ind2=" ">
    <subfield code="a">Miami, Fla. :</subfield>
    <subfield code="b">Warner Bros.,</subfield>
    <subfield code="c">c2002.</subfield>
  </datafield>
  <datafield tag="300" ind1=" " ind2=" ">
    <subfield code="a">104 p. of music ;</subfield>
    <subfield code="c">31 cm.</subfield>
  </datafield>
  <datafield tag="505" ind1="0" ind2=" ">
    <subfield code="a">America-- the dream goes on -- Anakin&apos;s theme ; Augie&apos;s Great Municipal Band ; Duel of the fates ; The flag parade ; Jar-Jar&apos;s introduction ; Qui-Gon&apos;s funeral (Star Wars Episode I: The Phantome Menace) -- Can you read my mind ; Theme from Superman (Superman) -- Cantina band ; Princess Leia&apos;s theme ; Star Wars main theme ; The throne room (Star Wars) -- Ewok celebration ; Luke and Leia ; Victory celebration (Return of the Jedi) -- Harry&apos;s wondrous world ; Hedwig&apos;s theme (Harry Potter and the Sorcerer&apos;s Stone) -- The Imperial march (Darth Vader&apos;s theme) (The Empire Strikes Back) --Olympic fanfare and theme (1984 Olympic Games) -- The Olympic spirit (1988 Olympic Games) -- Raiders march (Raiders of the Lost Ark) -- Somewhere in my memory (Home Alone) -- Theme from Close Encounters of the Third Kind -- Theme from E.T. (The Extra-Terrestrial) -- Theme from Jaws -- Theme from Jurassic Park -- Theme from Schindler&apos;s List.</subfield>
  </datafield>
  <datafield tag="650" ind1=" " ind2="0">
    <subfield code="a">Piano music</subfield>
    <subfield code="v">Simplified editions.</subfield>
  </datafield>
  <datafield tag="650" ind1=" " ind2="0">
    <subfield code="a">Motion picture music</subfield>
    <subfield code="v">Excerpts, Arranged.</subfield>
  </datafield>
  <datafield tag="700" ind1="1" ind2=" ">
    <subfield code="a">Coates, Dan.</subfield>
  </datafield>
</record>