
<record>
  <leader>02110ccm a2200277 a 4500</leader>
  <controlfield tag="001">13311353</controlfield>
  <controlfield tag="005">20200104160833.0</controlfield>
  <controlfield tag="008">030813m19979999fluppz         nn       d</controlfield>
  <datafield tag="906" ind1=" " ind2=" ">
    <subfield code="a">7</subfield>
    <subfield code="b">cbc</subfield>
    <subfield code="c">copycat</subfield>
    <subfield code="d">4</subfield>
    <subfield code="e">ncip</subfield>
    <subfield code="f">20</subfield>
    <subfield code="g">y-genmusic</subfield>
  </datafield>
  <datafield tag="925" ind1="0" ind2=" ">
    <subfield code="a">acquire</subfield>
    <subfield code="b">1 shelf copies</subfield>
    <subfield code="x">policy default</subfield>
  </datafield>
  <datafield tag="955" ind1=" " ind2=" ">
    <subfield code="a">vl20 2003-08-13 to MSR</subfield>
    <subfield code="a">vl26 2004-01-05 Preprocessor</subfield>
    <subfield code="i">vl26 2004-01-05</subfield>
    <subfield code="a">vl26 2004-04-15 Copy 2 added</subfield>
    <subfield code="e">vl26 2004-04-15 Copie 1, 2 to Music Division</subfield>
  </datafield>
  <datafield tag="010" ind1=" " ind2=" ">
    <subfield code="a">  2003551712</subfield>
  </datafield>
  <datafield tag="035" ind1=" " ind2=" ">
    <subfield code="a">(OCoLC)ocm46469172</subfield>
  </datafield>
  <datafield tag="020" ind1=" " ind2=" ">
    <subfield code="a">1576239284 (pbk. : v. 1)</subfield>
  </datafield>
  <datafield tag="028" ind1="3" ind2="2">
    <subfield code="a">AF9730A</subfield>
    <subfield code="b">Warner Bros.</subfield>
  </datafield>
  <datafield tag="040" ind1=" " ind2=" ">
    <subfield code="a">HHD</subfield>
    <subfield code="c">HHD</subfield>
    <subfield code="d">OCLCQ</subfield>
    <subfield code="d">DLC</subfield>
  </datafield>
  <datafield tag="042" ind1=" " ind2=" ">
    <subfield code="a">lccopycat</subfield>
  </datafield>
  <datafield tag="050" ind1="0" ind2="0">
    <subfield code="a">M38.5</subfield>
    <subfield code="b">.A</subfield>
  </datafield>
  <datafield tag="245" ind1="0" ind2="0">
    <subfield code="a">Advanced piano solos encyclopedia :</subfield>
    <subfield code="b">featuring the best in pops, movie, Broadway, jazz, love songs, TV, country /</subfield>
    <subfield code="c">arranged by Tom Roed ; editor, Tom Roed ; project manager, Tony Esposito.</subfield>
  </datafield>
  <datafield tag="260" ind1=" " ind2=" ">
    <subfield code="a">Miami, Fla. :</subfield>
    <subfield code="b">Warner Bros.,</subfield>
    <subfield code="c">&lt;c1997- &gt;</subfield>
  </datafield>
  <datafield tag="300" ind1=" " ind2=" ">
    <subfield code="a">&lt;1 v.   &gt; of music ;</subfield>
    <subfield code="c">31 cm.</subfield>
  </datafield>
  <datafield tag="505" ind1="1" ind2=" ">
    <subfield code="a">v. 1. The rose ; I swear ; Evergreen ; Forever&apos;s as far as I&apos;ll go ; The lady in red ; All for love ; Didn&apos;t we almost have it all ; Don&apos;t wanna lose you ; (They long to be) Close to you ; All I have ; Big spender ; Europa (Earth&apos;s cry heaven&apos;s smile) ; Have you ever really loved a woman? ; I honestly love you ; If ever you&apos;re in my arms again ; Linus and Lucy ; On the wings of love ; Proud Mary ; Take five ; Taking a chance on love ; Tonight I celebrate my love ; Theme from Ice castles (Through the eyes of love) ; You are the sunshine of my life ; Beverly Hills, 90210 (Main theme) ; I&apos;ll be there for you (Theme from Friends) ; Johnny&apos;s theme ; Jeopardy theme ; Funeral march of a marionette ; Steam heat ; Don&apos;t get around much anymore ; My way ; You stepped out of a dream ; You&apos;re the inspiration ; If you say my eyes are beautiful ; The pink panther ; Up where we belong ; Unanswered prayers ; We&apos;ve only just begun ; When the night comes ; Midnight creepin&apos; ; The lion sleeps tonight ; You light up my life --</subfield>
  </datafield>
  <datafield tag="650" ind1=" " ind2="0">
    <subfield code="a">Piano music, Arranged.</subfield>
  </datafield>
  <datafield tag="650" ind1=" " ind2="0">
    <subfield code="a">Popular music.</subfield>
  </datafield>
  <datafield tag="700" ind1="1" ind2=" ">
    <subfield code="a">Roed, Tom.</subfield>
  </datafield>
  <datafield tag="700" ind1="1" ind2=" ">
    <subfield code="a">Esposito, Tony.</subfield>
  </datafield>
</record>